unix_timestamp,lastUpdateId,bid_price_0,bid_qty_0,bid_price_1,bid_qty_1,bid_price_2,bid_qty_2,bid_price_3,bid_qty_3,bid_price_4,bid_qty_4,bid_price_5,bid_qty_5,bid_price_6,bid_qty_6,bid_price_7,bid_qty_7,bid_price_8,bid_qty_8,bid_price_9,bid_qty_9,ask_price_0,ask_qty_0,ask_price_1,ask_qty_1,ask_price_2,ask_qty_2,ask_price_3,ask_qty_3,ask_price_4,ask_qty_4,ask_price_5,ask_qty_5,ask_price_6,ask_qty_6,ask_price_7,ask_qty_7,ask_price_8,ask_qty_8,ask_price_9,ask_qty_9
1759266157.5446327,178742032310,1.667900,2669.570000,1.667700,509.310000,1.667500,12962.520000,1.667400,2263.910000,1.667300,2757.950000,1.667200,1129.700000,1.667100,1832.210000,1.667000,1122.920000,1.666900,1632.750000,1.666800,1137.920000,1.668100,8124.480000,1.668200,1606.790000,1.668300,10628.480000,1.668400,1839.530000,1.668500,7730.290000,1.668600,676.220000,1.668700,14303.300000,1.668800,8608.960000,1.668900,2750.020000,1.669000,1128.840000
1759266165.721241,178742146994,1.668600,483.260000,1.668400,2189.240000,1.668300,8414.160000,1.668200,2752.260000,1.668100,2342.100000,1.668000,2850.680000,1.667900,529.080000,1.667800,232.360000,1.667700,2731.410000,1.667600,2357.070000,1.668700,2541.230000,1.668800,2257.640000,1.668900,222.000000,1.669000,10706.970000,1.669100,6070.640000,1.669200,621.140000,1.669300,8620.610000,1.669400,8058.000000,1.669500,6846.380000,1.669600,4085.040000
1759266166.0193272,178742148511,1.668600,483.260000,1.668400,2189.240000,1.668300,8414.160000,1.668200,5152.260000,1.668100,2342.100000,1.668000,2850.680000,1.667900,529.080000,1.667800,232.360000,1.667700,2731.410000,1.667600,2357.070000,1.668700,2541.230000,1.668800,2257.640000,1.668900,11191.970000,1.669000,5970.880000,1.669100,6070.640000,1.669200,621.140000,1.669300,8620.610000,1.669400,8058.000000,1.669500,6846.380000,1.669600,4085.040000
1759266166.2659845,178742154371,1.668600,483.260000,1.668400,2189.240000,1.668300,10814.160000,1.668200,2752.260000,1.668100,2342.100000,1.668000,2850.680000,1.667900,529.080000,1.667800,232.360000,1.667700,2731.410000,1.667600,2357.070000,1.668700,2663.350000,1.668800,2077.880000,1.668900,6455.880000,1.669000,10706.970000,1.669100,6289.640000,1.669200,621.140000,1.669300,8620.610000,1.669400,7159.480000,1.669500,6846.380000,1.669600,4085.040000
1759266166.511467,178742158583,1.668400,28.430000,1.668300,1645.120000,1.668200,4913.070000,1.668100,10311.870000,1.668000,2242.600000,1.667900,529.080000,1.667700,2731.410000,1.667600,2247.160000,1.667500,5763.370000,1.667400,1122.080000,1.668700,6233.880000,1.668800,2077.880000,1.668900,1083.310000,1.669000,10819.740000,1.669100,7058.630000,1.669200,508.370000,1.669300,8620.610000,1.669400,7565.120000,1.669500,6846.380000,1.669600,3679.400000
1759266166.773441,178742163343,1.668700,509.040000,1.668600,7733.520000,1.668500,2263.910000,1.668400,977.250000,1.668300,3063.900000,1.668200,1630.650000,1.668100,1353.590000,1.668000,2242.600000,1.667900,618.990000,1.667800,1244.540000,1.669100,5937.260000,1.669200,508.370000,1.669300,2242.130000,1.669400,1540.980000,1.669500,6959.150000,1.669600,9050.670000,1.669700,1120.360000,1.669800,578.030000,1.669900,3393.950000,1.670000,7239.690000
1759266167.0304456,178742166015,1.668800,16595.070000,1.668700,509.040000,1.668600,10717.810000,1.668500,2263.910000,1.668400,977.250000,1.668300,3395.130000,1.668200,1630.650000,1.668100,1353.590000,1.668000,2242.600000,1.667900,618.990000,1.669100,4361.290000,1.669200,6971.430000,1.669300,2242.130000,1.669400,6277.070000,1.669500,6959.150000,1.669600,3079.790000,1.669700,7091.240000,1.669800,578.030000,1.669900,15443.500000,1.670000,7239.690000
1759266167.3241427,178742171126,1.668500,28.420000,1.668300,9454.210000,1.668200,1630.650000,1.668100,5785.140000,1.668000,2242.600000,1.667900,509.080000,1.667700,2731.410000,1.667600,2247.160000,1.667500,5763.370000,1.667400,1122.080000,1.668800,508.790000,1.668900,352.380000,1.669000,112.770000,1.669100,4361.290000,1.669200,730.370000,1.669300,6978.220000,1.669400,13862.790000,1.669500,6846.380000,1.669600,3079.790000,1.669700,7160.430000
1759266167.58427,178742174585,1.668500,1881.200000,1.668400,2692.250000,1.668300,9454.210000,1.668200,4030.650000,1.668100,3385.140000,1.668000,2242.600000,1.667900,587.270000,1.667800,628.080000,1.667700,2731.410000,1.667600,2479.520000,1.668700,6233.880000,1.668800,482.000000,1.668900,352.380000,1.669000,112.770000,1.669100,5482.520000,1.669200,730.370000,1.669300,6978.220000,1.669400,13643.790000,1.669500,6846.380000,1.669600,3079.790000
1759266167.8387778,178742177711,1.668600,16598.670000,1.668500,508.970000,1.668400,2400.000000,1.668300,11718.120000,1.668200,1630.650000,1.668100,1121.230000,1.668000,2242.600000,1.667900,509.080000,1.667700,2731.410000,1.667600,2605.630000,1.668900,2663.350000,1.669000,13220.430000,1.669100,5486.110000,1.669200,1082.750000,1.669300,2354.900000,1.669400,13238.150000,1.669500,6846.380000,1.669600,3079.790000,1.669700,7496.880000,1.669800,578.030000
1759266168.1486638,178742181688,1.668600,7.450000,1.668500,8317.740000,1.668400,2400.000000,1.668300,1645.440000,1.668200,1708.840000,1.668100,4013.220000,1.668000,2242.600000,1.667900,741.440000,1.667700,2841.320000,1.667600,3488.700000,1.668900,269.580000,1.669000,8458.740000,1.669100,5489.700000,1.669200,5818.840000,1.669300,2354.900000,1.669400,13238.150000,1.669500,6846.380000,1.669600,3079.790000,1.669700,7496.880000,1.669800,578.030000
1759266168.4185452,178742184218,1.668500,8314.200000,1.668400,2400.000000,1.668300,1630.440000,1.668200,1708.840000,1.668100,4013.220000,1.668000,2242.600000,1.667900,741.440000,1.667700,2841.320000,1.667600,3488.700000,1.667500,5832.560000,1.668800,2665.180000,1.668900,26.490000,1.669000,13202.010000,1.669100,5482.520000,1.669200,1082.750000,1.669300,2354.900000,1.669400,13238.150000,1.669500,6846.380000,1.669600,3079.790000,1.669700,7729.880000
1759266168.7273374,178742189508,1.668600,16595.070000,1.668500,10714.200000,1.668300,1630.440000,1.668200,3972.750000,1.668100,1749.310000,1.668000,2242.600000,1.667900,741.440000,1.667700,2841.320000,1.667600,3127.230000,1.667500,5832.560000,1.668700,243.090000,1.668900,26.490000,1.669000,8458.740000,1.669100,5482.520000,1.669200,5818.840000,1.669300,2354.900000,1.669400,13238.150000,1.669500,6846.380000,1.669600,3079.790000,1.669700,7368.410000
1759266168.9861453,178742193168,1.668600,16471.050000,1.668500,10714.200000,1.668300,3894.350000,1.668200,1708.840000,1.668100,1749.310000,1.668000,2242.600000,1.667900,741.440000,1.667700,2841.320000,1.667600,3127.230000,1.667500,6193.710000,1.668700,2890.320000,1.668900,26.490000,1.669000,13194.830000,1.669100,5482.520000,1.669200,1082.750000,1.669300,2354.900000,1.669400,13238.150000,1.669500,6846.380000,1.669600,3440.940000,1.669700,7368.410000
1759266169.271866,178742197151,1.668500,8314.200000,1.668400,2415.000000,1.668300,1630.440000,1.668200,1708.840000,1.668100,1749.310000,1.668000,2242.600000,1.667900,741.440000,1.667700,2841.320000,1.667600,3127.230000,1.667500,6124.520000,1.668700,2872.500000,1.668900,33.670000,1.669000,13194.830000,1.669100,5482.520000,1.669200,1082.750000,1.669300,2354.900000,1.669400,13238.150000,1.669500,6846.380000,1.669600,3440.940000,1.669700,7368.410000
1759266169.5213969,178742200510,1.668500,6123.100000,1.668400,2415.000000,1.668300,1630.440000,1.668200,1708.840000,1.668100,1749.310000,1.668000,4506.510000,1.667900,741.440000,1.667700,2841.320000,1.667600,3127.230000,1.667500,6124.520000,1.668700,2872.500000,1.668900,542.460000,1.669000,13194.830000,1.669100,5482.520000,1.669200,1082.750000,1.669300,2354.900000,1.669400,13238.150000,1.669500,6846.380000,1.669600,3440.940000,1.669700,7368.410000
1759266169.8085063,178742204431,1.668500,22802.290000,1.668400,2415.000000,1.668300,1630.440000,1.668200,3972.750000,1.668100,1749.310000,1.668000,2242.600000,1.667900,741.440000,1.667700,2841.320000,1.667600,2784.980000,1.667500,6124.520000,1.668700,3052.260000,1.668800,3.590000,1.668900,508.790000,1.669000,2224.860000,1.669100,5482.520000,1.669200,1082.750000,1.669300,7090.990000,1.669400,13238.150000,1.669500,6846.380000,1.669600,3440.940000
1759266170.1356366,178742207944,1.668500,22802.290000,1.668400,2415.000000,1.668300,1630.440000,1.668200,3975.750000,1.668100,1749.310000,1.668000,2242.600000,1.667900,741.440000,1.667700,2841.320000,1.667600,2784.980000,1.667500,6124.520000,1.668700,3052.260000,1.668800,3.590000,1.668900,6742.670000,1.669000,6960.950000,1.669100,5482.520000,1.669200,1082.750000,1.669300,2354.900000,1.669400,13238.150000,1.669500,6846.380000,1.669600,3440.940000
1759266170.4070618,178742213011,1.668500,20641.480000,1.668400,15.000000,1.668200,3.000000,1.668000,4429.250000,1.667900,2909.080000,1.667800,2263.910000,1.667700,2775.490000,1.667600,2872.240000,1.667500,553.910000,1.667400,1354.440000,1.668600,17634.030000,1.668700,5561.840000,1.668800,236.420000,1.668900,13792.680000,1.669000,7092.450000,1.669100,5482.520000,1.669200,1255.840000,1.669300,2242.130000,1.669400,1120.900000,1.669500,6915.570000
1759266170.6842203,178742216392,1.668500,20305.720000,1.668400,15.000000,1.668200,3.000000,1.668000,12477.210000,1.667900,509.080000,1.667800,2263.910000,1.667700,2775.490000,1.667600,2872.240000,1.667500,553.910000,1.667400,1354.440000,1.668600,17103.960000,1.668700,5561.840000,1.668900,13792.680000,1.669000,7092.450000,1.669100,5482.520000,1.669200,1255.840000,1.669300,2242.130000,1.669400,1120.900000,1.669500,6915.570000,1.669600,3079.790000
1759266170.9686768,178742219781,1.668500,20125.540000,1.668400,15.000000,1.668200,3.000000,1.668000,4429.250000,1.667900,509.080000,1.667800,2263.910000,1.667700,2731.410000,1.667600,2578.700000,1.667500,553.910000,1.667400,1122.080000,1.668600,8804.170000,1.668700,5288.410000,1.668800,208.000000,1.668900,13792.680000,1.669000,7092.450000,1.669100,5482.520000,1.669200,1255.840000,1.669300,2242.130000,1.669400,1120.900000,1.669500,6846.380000
1759266171.208704,178742223258,1.668500,20208.650000,1.668400,15.000000,1.668300,2400.000000,1.668200,7837.610000,1.668100,2263.910000,1.668000,2242.600000,1.667900,553.150000,1.667800,334.540000,1.667700,2731.410000,1.667600,2476.520000,1.668600,3090.150000,1.668700,9945.550000,1.668800,8414.840000,1.668900,1630.360000,1.669000,7092.450000,1.669100,11453.400000,1.669200,6587.040000,1.669300,2242.130000,1.669400,1482.050000,1.669500,6846.380000
1759266171.470651,178742226253,1.668500,20208.650000,1.668400,15.000000,1.668300,2400.000000,1.668200,8346.560000,1.668100,2263.910000,1.668000,2242.600000,1.667900,553.150000,1.667800,334.540000,1.667700,2731.410000,1.667600,2476.520000,1.668600,3312.150000,1.668700,9945.550000,1.668800,8414.840000,1.668900,1630.360000,1.669000,7092.450000,1.669100,11453.400000,1.669200,6587.040000,1.669300,2242.130000,1.669400,1482.050000,1.669500,6846.380000
1759266171.7804148,178742231562,1.668800,508.760000,1.668600,26664.150000,1.668500,25223.110000,1.668400,508.890000,1.668300,2241.780000,1.668200,511.950000,1.668100,4506.510000,1.668000,2242.600000,1.667900,509.080000,1.667700,2766.270000,1.669100,51.330000,1.669200,8923.210000,1.669400,1155.010000,1.669500,18147.900000,1.669600,15129.340000,1.669700,1466.130000,1.669800,518.150000,1.669900,3339.770000,1.670000,7274.530000,1.670100,2363.850000
1759266172.0096378,178742236804,1.669100,2662.830000,1.669000,8047.960000,1.668900,2695.210000,1.668800,2772.670000,1.668600,898.950000,1.668500,23003.270000,1.668400,843.430000,1.668300,2241.780000,1.668200,744.310000,1.668100,2352.510000,1.669300,28.420000,1.669400,6267.990000,1.669500,4463.760000,1.669600,3079.790000,1.669700,1466.130000,1.669800,5254.240000,1.669900,2997.620000,1.670000,7635.680000,1.670100,2363.850000,1.670200,2373.360000
1759266172.2605789,178742240317,1.669300,2662.680000,1.669100,2186.650000,1.669000,8082.070000,1.668900,508.560000,1.668800,515.940000,1.668600,3162.860000,1.668500,23003.270000,1.668400,843.430000,1.668300,2241.780000,1.668200,744.310000,1.669400,157.900000,1.669500,4463.760000,1.669600,3301.790000,1.669700,1466.130000,1.669800,518.150000,1.669900,7733.710000,1.670000,7635.680000,1.670100,8442.520000,1.670200,2338.500000,1.670300,666.200000
1759266172.5535936,178742244095,1.669300,2662.680000,1.669100,2721.670000,1.669000,8082.070000,1.668900,508.560000,1.668800,515.940000,1.668700,3384.400000,1.668600,898.950000,1.668500,23003.270000,1.668400,843.430000,1.668300,2256.780000,1.669500,2821.840000,1.669600,3301.790000,1.669700,1466.130000,1.669800,518.150000,1.669900,7733.710000,1.670000,13606.560000,1.670100,8442.520000,1.670200,2304.170000,1.670300,666.200000,1.670400,1248.500000
1759266172.8609753,178742248805,1.669500,39514.900000,1.669400,1119.480000,1.669300,1867.570000,1.669200,1229.860000,1.669100,1654.970000,1.669000,2022.260000,1.668900,1628.850000,1.668800,508.760000,1.668700,7484.570000,1.668600,12983.360000,1.669600,1241.570000,1.669800,10.000000,1.670000,1512.750000,1.670200,2246.670000,1.670300,158.290000,1.670500,2689.460000,1.670600,10742.300000,1.670700,2805.210000,1.670800,6193.320000,1.670900,14807.590000
1759266173.12672,178742252591,1.670300,507.940000,1.670100,507.940000,1.669900,2942.050000,1.669800,507.940000,1.669700,1119.190000,1.669600,44.070000,1.669500,3082.620000,1.669400,1119.480000,1.669300,1886.880000,1.669200,1119.950000,1.670400,2660.920000,1.670500,4362.920000,1.670600,10742.300000,1.670700,2805.210000,1.670800,6193.320000,1.670900,14797.590000,1.671000,1652.190000,1.671100,2326.100000,1.671200,4301.680000,1.671300,6156.550000
1759266173.3739748,178742255818,1.670300,19454.130000,1.670200,2407.180000,1.670100,9461.430000,1.670000,3382.790000,1.669900,1626.820000,1.669800,1626.820000,1.669700,1119.190000,1.669600,28.400000,1.669500,2748.080000,1.669400,1480.630000,1.670400,525.340000,1.670500,417.200000,1.670600,796.750000,1.670700,282.070000,1.670800,6331.990000,1.670900,2185.000000,1.671000,733.800000,1.671100,6237.020000,1.671200,4426.010000,1.671300,5327.550000
1759266173.644594,178742260081,1.670300,3168.860000,1.670100,11725.340000,1.670000,3518.880000,1.669900,1626.820000,1.669800,1626.820000,1.669700,1163.260000,1.669600,334.540000,1.669500,2748.080000,1.669400,1351.840000,1.669300,1737.790000,1.670400,425.340000,1.670500,417.200000,1.670600,796.750000,1.670700,282.070000,1.670800,11713.960000,1.670900,7394.460000,1.671000,708.320000,1.671100,13437.810000,1.671200,4426.010000,1.671300,6030.850000
1759266173.9108496,178742264315,1.669500,2729.120000,1.669300,1628.030000,1.669200,3519.950000,1.669100,3936.460000,1.669000,1454.830000,1.668900,1628.850000,1.668800,3049.630000,1.668700,2350.540000,1.668600,92.030000,1.668500,23939.600000,1.669900,2053.450000,1.670000,4993.590000,1.670100,6879.760000,1.670300,2801.870000,1.670400,7385.260000,1.670500,12716.950000,1.670600,8698.130000,1.670700,7658.370000,1.670800,1217.520000,1.670900,6840.920000
1759266174.1557136,178742268025,1.669300,217.400000,1.669100,508.530000,1.669000,6802.360000,1.668900,3815.500000,1.668800,553.360000,1.668700,4640.780000,1.668600,2365.150000,1.668500,23293.740000,1.668400,508.890000,1.668300,2601.080000,1.669700,21784.210000,1.669800,405.260000,1.669900,2748.720000,1.670000,18779.390000,1.670100,7902.160000,1.670200,1120.190000,1.670300,1628.430000,1.670400,2649.170000,1.670500,6746.070000,1.670600,1950.490000
1759266174.4612298,178742271310,1.669000,1154.400000,1.668900,3815.500000,1.668800,553.360000,1.668700,10288.740000,1.668600,2365.150000,1.668500,23293.740000,1.668400,508.890000,1.668300,2566.750000,1.668200,656.570000,1.668100,2276.930000,1.669400,11756.860000,1.669500,12204.760000,1.669600,14114.970000,1.669700,668.550000,1.669800,139.140000,1.669900,2748.720000,1.670000,12808.510000,1.670100,1823.490000,1.670200,1120.190000,1.670300,1628.430000
1759266174.6629653,178742275138,1.669000,1004.400000,1.668900,3815.500000,1.668800,2953.360000,1.668700,7888.740000,1.668600,2365.150000,1.668500,23293.740000,1.668400,508.890000,1.668300,2566.750000,1.668200,621.710000,1.668100,2276.930000,1.669300,3960.170000,1.669400,3169.590000,1.669500,10969.970000,1.669600,8036.300000,1.669700,6639.430000,1.669800,6191.340000,1.669900,2748.720000,1.670000,12808.510000,1.670100,1823.490000,1.670200,1120.190000
1759266174.91788,178742275476,1.669000,34.110000,1.668900,3815.500000,1.668800,2953.360000,1.668700,7888.740000,1.668600,2365.150000,1.668500,23293.740000,1.668400,508.890000,1.668300,2566.750000,1.668200,621.710000,1.668100,2276.930000,1.669300,3930.410000,1.669400,3169.590000,1.669500,10969.970000,1.669600,8036.300000,1.669700,6639.430000,1.669800,6191.340000,1.669900,2748.720000,1.670000,12808.510000,1.670100,1823.490000,1.670200,1120.190000
1759266175.189348,178742281643,1.669000,14048.940000,1.668900,3487.460000,1.668800,2817.270000,1.668700,7888.740000,1.668600,101.240000,1.668500,23293.740000,1.668400,741.250000,1.668300,2319.390000,1.668200,621.710000,1.668100,2242.600000,1.669300,4439.020000,1.669400,508.590000,1.669500,10969.970000,1.669600,8036.300000,1.669700,508.550000,1.669800,112.670000,1.669900,2748.720000,1.670000,24865.240000,1.670100,1823.490000,1.670200,1120.190000
1759266175.4723573,178742284966,1.669100,2661.320000,1.669000,2400.000000,1.668900,3815.420000,1.668800,553.360000,1.668700,2240.780000,1.668600,2365.150000,1.668500,23293.740000,1.668400,741.250000,1.668300,2319.390000,1.668200,621.710000,1.669300,4439.020000,1.669400,508.590000,1.669500,6233.880000,1.669600,2826.840000,1.669700,508.550000,1.669800,4848.760000,1.669900,2748.720000,1.670000,24865.240000,1.670100,1823.490000,1.670200,1120.190000
1759266175.737285,178742290092,1.669400,2658.600000,1.669300,11648.940000,1.669200,508.370000,1.669100,4586.650000,1.669000,2263.910000,1.668900,8471.130000,1.668800,597.430000,1.668700,2575.320000,1.668600,314.530000,1.668500,22959.200000,1.669600,222.000000,1.669700,132.080000,1.669800,5804.400000,1.669900,10311.650000,1.670000,24858.060000,1.670100,1232.860000,1.670200,1120.190000,1.670300,1989.580000,1.670400,3051.180000,1.670500,6746.070000
1759266175.9978023,178742294268,1.670200,24900.130000,1.670100,1119.450000,1.670000,2694.460000,1.669900,7961.040000,1.669800,1119.450000,1.669700,1119.450000,1.669500,4008.270000,1.669400,2748.650000,1.669200,6837.580000,1.669100,1188.890000,1.670300,25.000000,1.670500,417.200000,1.670600,796.750000,1.670700,8011.320000,1.670800,98.110000,1.670900,4.040000,1.671000,595.650000,1.671100,6158.460000,1.671200,4957.560000,1.671300,5327.550000
1759266176.2508218,178742297782,1.670700,507.570000,1.670500,2694.220000,1.670400,8122.140000,1.670300,3889.930000,1.670200,18262.490000,1.670100,1188.380000,1.670000,842.350000,1.669900,2238.900000,1.669800,1351.810000,1.669700,1737.270000,1.671100,1422.370000,1.671200,4947.560000,1.671300,2299.050000,1.671400,259.640000,1.671500,11668.790000,1.671600,1268.930000,1.671700,2371.070000,1.671800,7113.170000,1.671900,18904.240000,1.672000,1590.660000
1759266176.52033,178742301566,1.671100,507.570000,1.670900,507.570000,1.670800,11648.940000,1.670700,507.570000,1.670600,2326.410000,1.670500,6212.490000,1.670400,5722.140000,1.670300,2788.360000,1.670200,1961.800000,1.670100,1119.450000,1.671200,9290.310000,1.671300,2299.050000,1.671400,4995.730000,1.671500,6932.700000,1.671600,1234.100000,1.671700,2336.760000,1.671800,7148.000000,1.671900,18938.550000,1.672000,1580.660000,1.672100,1868.460000
1759266176.7619877,178742304973,1.671100,12190.620000,1.670900,6240.410000,1.670800,6839.940000,1.670700,3889.550000,1.670600,1118.070000,1.670500,1625.840000,1.670300,2744.290000,1.670200,1627.260000,1.670100,1480.600000,1.670000,5717.270000,1.671200,2658.930000,1.671300,118.090000,1.671400,22.640000,1.671500,4194.310000,1.671600,116.740000,1.671700,3346.530000,1.671800,5878.380000,1.671900,7091.690000,1.672000,1580.660000,1.672100,13793.680000
1759266177.0701556,178742309309,1.671100,541.530000,1.671000,1833.550000,1.670900,11934.160000,1.670800,1117.840000,1.670700,1669.710000,1.670600,1452.610000,1.670500,1625.840000,1.670400,232.360000,1.670300,2854.050000,1.670200,1627.260000,1.671200,2460.970000,1.671300,118.090000,1.671400,22.640000,1.671500,4194.310000,1.671600,116.740000,1.671700,519.690000,1.671800,8059.340000,1.671900,6979.020000,1.672000,1580.660000,1.672100,1744.130000
1759266177.320396,178742312469,1.671200,13912.850000,1.671100,11107.940000,1.670900,4025.370000,1.670800,1117.840000,1.670700,1669.710000,1.670600,1452.610000,1.670500,1625.840000,1.670400,232.360000,1.670300,2854.050000,1.670200,1627.260000,1.671300,118.090000,1.671400,22.640000,1.671500,4190.720000,1.671600,116.740000,1.671700,519.690000,1.671800,3323.250000,1.671900,11715.110000,1.672000,7659.330000,1.672100,1744.130000,1.672200,3099.690000
1759266177.6305974,178742316755,1.671100,8441.210000,1.670900,3923.390000,1.670800,1117.840000,1.670700,3889.550000,1.670600,1118.070000,1.670500,1669.910000,1.670400,334.540000,1.670300,2744.290000,1.670200,1859.620000,1.670100,1229.210000,1.671400,5210.210000,1.671500,2924.300000,1.671600,116.740000,1.671700,5252.190000,1.671800,9093.540000,1.671900,12949.900000,1.672000,7659.330000,1.672100,1744.130000,1.672200,2738.540000,1.672300,903.530000
1759266177.8706658,178742320319,1.671100,509.750000,1.670900,1625.370000,1.670800,28.380000,1.670700,1625.640000,1.670600,11290.770000,1.670500,4025.840000,1.670300,2788.360000,1.670200,1859.620000,1.670100,1119.450000,1.670000,5778.420000,1.671200,5210.210000,1.671300,293.520000,1.671400,13584.790000,1.671500,2920.720000,1.671600,7205.560000,1.671700,6784.770000,1.671800,7113.170000,1.671900,6979.020000,1.672000,1580.660000,1.672100,1744.130000
1759266178.1208396,178742322987,1.671100,3167.370000,1.671000,28.390000,1.670900,3846.130000,1.670800,2400.000000,1.670700,2743.380000,1.670600,1118.070000,1.670500,1625.840000,1.670400,2263.910000,1.670300,2744.290000,1.670200,1627.260000,1.671200,5205.710000,1.671500,2920.720000,1.671600,5498.710000,1.671700,8467.350000,1.671800,7225.840000,1.671900,12949.900000,1.672000,7659.330000,1.672100,2987.500000,1.672200,2738.540000,1.672300,903.530000
1759266178.4449937,178742328165,1.671100,319.460000,1.670900,2777.120000,1.670800,10308.790000,1.670700,2743.380000,1.670600,1118.070000,1.670500,1669.910000,1.670400,334.230000,1.670300,2976.650000,1.670200,1627.260000,1.670100,3493.120000,1.671500,4510.520000,1.671600,5887.030000,1.671700,2697.510000,1.671800,25.110000,1.671900,7740.440000,1.672000,7659.330000,1.672100,7433.860000,1.672200,8709.420000,1.672300,938.360000,1.672400,2139.640000
1759266178.6791887,178742331914,1.670700,1625.640000,1.670600,3.840000,1.670500,9568.740000,1.670400,2263.910000,1.670300,2744.290000,1.670200,1627.260000,1.670100,1163.520000,1.670000,6112.650000,1.669900,2471.260000,1.669800,1119.450000,1.670800,5205.710000,1.671100,879.840000,1.671200,26.450000,1.671300,11126.440000,1.671400,9270.110000,1.671500,16374.860000,1.671600,2478.380000,1.671700,6843.810000,1.671800,25.110000,1.671900,2887.360000
1759266178.9488602,178742335252,1.670700,4283.890000,1.670600,3.840000,1.670500,9568.740000,1.670400,2263.910000,1.670300,2744.290000,1.670200,1627.260000,1.670100,1163.520000,1.670000,6385.870000,1.669900,2471.260000,1.669800,1129.450000,1.670800,5025.970000,1.670900,222.000000,1.671100,879.840000,1.671200,26.450000,1.671300,11126.440000,1.671400,9270.110000,1.671500,16374.860000,1.671600,2478.380000,1.671700,6843.810000,1.671800,25.110000
1759266179.2034955,178742339217,1.670900,507.630000,1.670800,10678.250000,1.670700,4710.110000,1.670500,2744.040000,1.670400,651.520000,1.670300,2744.290000,1.670200,1859.620000,1.670100,1119.450000,1.670000,5888.180000,1.669900,2238.900000,1.671200,5025.970000,1.671400,2180.960000,1.671500,3427.920000,1.671600,4852.830000,1.671700,7216.260000,1.671800,5995.990000,1.671900,15049.580000,1.672000,1580.660000,1.672100,6918.790000,1.672200,3981.910000
1759266179.4633641,178742342675,1.671000,2657.940000,1.670900,513.220000,1.670800,8020.160000,1.670700,7110.110000,1.670500,2744.040000,1.670400,651.520000,1.670300,2976.310000,1.670200,1627.260000,1.670100,1119.450000,1.670000,5888.180000,1.671200,5025.970000,1.671400,2180.960000,1.671500,3427.920000,1.671600,4852.830000,1.671700,6850.990000,1.671800,5995.990000,1.671900,14936.910000,1.672000,1941.810000,1.672100,6953.620000,1.672200,2772.850000
1759266179.7083805,178742347145,1.670900,15.000000,1.670700,1625.640000,1.670600,27.500000,1.670500,2778.150000,1.670400,10172.700000,1.670300,5144.290000,1.670200,1627.260000,1.670100,1163.520000,1.670000,1176.410000,1.669900,2470.920000,1.671000,5025.970000,1.671100,3165.170000,1.671200,3585.900000,1.671300,5108.540000,1.671400,13167.820000,1.671500,3540.590000,1.671600,1235.010000,1.671700,7309.810000,1.671800,7239.360000,1.671900,2887.360000
1759266179.9639623,178742350022,1.670700,1570.930000,1.670600,27.500000,1.670500,2778.150000,1.670400,12575.700000,1.670300,2744.290000,1.670200,1627.260000,1.670100,1163.520000,1.670000,1176.410000,1.669900,2470.920000,1.669800,1129.450000,1.670800,8291.090000,1.671100,507.390000,1.671200,3812.900000,1.671300,4736.090000,1.671400,13167.820000,1.671500,3427.920000,1.671600,1596.160000,1.671700,7309.810000,1.671800,5995.990000,1.671900,2887.360000
1759266180.2724538,178742355671,1.670700,2658.250000,1.670600,27.500000,1.670500,1659.950000,1.670400,10175.700000,1.670300,5144.290000,1.670200,1627.260000,1.670100,1163.520000,1.670000,1203.970000,1.669900,2470.920000,1.669800,1129.450000,1.670800,5031.720000,1.670900,222.000000,1.671100,852.240000,1.671200,9583.190000,1.671300,5967.300000,1.671400,13167.820000,1.671500,4546.460000,1.671600,2481.970000,1.671700,7309.810000,1.671800,5995.990000
1759266180.5215542,178742358451,1.670500,1687.450000,1.670400,7911.790000,1.670300,7408.200000,1.670200,1627.260000,1.670100,1163.520000,1.670000,1203.970000,1.669900,2470.920000,1.669800,1129.450000,1.669700,1737.270000,1.669600,5287.070000,1.670600,1946.400000,1.670900,222.000000,1.671100,6622.530000,1.671200,8548.990000,1.671300,6440.670000,1.671400,13167.820000,1.671500,4550.050000,1.671600,2481.970000,1.671700,7309.810000,1.671800,6065.130000
1759266180.7828045,178742363259,1.670800,3199.890000,1.670700,1118.650000,1.670600,4450.560000,1.670500,11764.510000,1.670400,3.000000,1.670300,3379.280000,1.670200,1859.280000,1.670100,1119.450000,1.670000,678.720000,1.669900,2238.900000,1.670900,3683.260000,1.671200,7424.480000,1.671300,11324.600000,1.671500,3540.590000,1.671600,1235.010000,1.671700,7309.810000,1.671800,18931.350000,1.671900,3248.510000,1.672000,1709.600000,1.672100,6918.790000
1759266181.119181,178742369024,1.670500,1659.900000,1.670400,3.000000,1.670300,9594.850000,1.670200,7349.400000,1.670100,1119.450000,1.670000,1248.020000,1.669900,2470.920000,1.669800,1129.450000,1.669700,1737.270000,1.669600,5287.070000,1.670600,6337.240000,1.670900,507.600000,1.671000,2180.960000,1.671100,12248.690000,1.671200,5243.520000,1.671300,17259.010000,1.671500,3789.070000,1.671600,1235.010000,1.671700,7378.950000,1.671800,25.110000
1759266181.3108854,178742371609,1.670500,1152.380000,1.670400,30.500000,1.670300,7330.940000,1.670200,9613.310000,1.670100,1119.450000,1.670000,1248.020000,1.669900,2470.920000,1.669800,1129.450000,1.669700,1737.270000,1.669600,5287.070000,1.670600,3260.800000,1.670900,507.600000,1.671000,6920.640000,1.671100,12248.690000,1.671200,507.430000,1.671300,17259.010000,1.671500,3789.070000,1.671600,1235.010000,1.671700,7378.950000,1.671800,25.110000
1759266181.575415,178742376186,1.670500,1030.370000,1.670400,30.500000,1.670300,7330.940000,1.670200,9613.310000,1.670100,1119.450000,1.670000,1248.020000,1.669900,2470.920000,1.669800,1129.450000,1.669700,1737.270000,1.669600,5287.070000,1.670600,2938.350000,1.670800,222.000000,1.670900,507.600000,1.671000,6924.230000,1.671100,12248.690000,1.671200,507.430000,1.671300,17259.010000,1.671500,3789.070000,1.671600,1235.010000,1.671700,7378.950000
1759266181.8391273,178742380387,1.670300,969.030000,1.670200,34.110000,1.670100,1119.450000,1.670000,568.960000,1.669900,14811.600000,1.669800,1129.450000,1.669700,1627.510000,1.669600,77.610000,1.669500,2748.650000,1.669400,4273.650000,1.670500,6463.680000,1.670600,1021.500000,1.670700,6115.140000,1.670800,7139.050000,1.670900,620.270000,1.671000,7.180000,1.671100,6602.730000,1.671200,1389.650000,1.671300,17620.160000,1.671500,3497.060000
1759266182.0942645,178742384435,1.670200,34.110000,1.670100,24175.130000,1.670000,61.150000,1.669900,2263.910000,1.669800,3360.170000,1.669700,2262.500000,1.669600,309.630000,1.669500,2748.650000,1.669400,4383.410000,1.669200,7318.060000,1.670500,9444.320000,1.670600,2982.170000,1.670800,229.180000,1.670900,6835.830000,1.671000,1118.770000,1.671100,2290.690000,1.671200,1626.200000,1.671300,6328.230000,1.671400,1243.100000,1.671500,5435.510000
1759266182.3532944,178742388032,1.670400,9174.440000,1.670300,10271.260000,1.670200,2434.110000,1.670100,11799.480000,1.670000,1180.050000,1.669900,1626.780000,1.669800,1173.520000,1.669700,2262.500000,1.669600,309.630000,1.669500,2748.650000,1.670500,3218.170000,1.670600,507.690000,1.670800,8472.750000,1.670900,511.190000,1.671000,344.850000,1.671100,12457.590000,1.671200,7817.540000,1.671300,6328.230000,1.671400,1118.770000,1.671500,5849.880000
1759266182.597575,178742390512,1.670400,2656.860000,1.670200,34.110000,1.670100,11935.570000,1.670000,3443.960000,1.669900,1626.780000,1.669800,1173.520000,1.669700,2262.500000,1.669600,309.630000,1.669500,2748.650000,1.669400,4383.410000,1.670600,507.690000,1.670700,27.060000,1.670800,8472.750000,1.670900,511.190000,1.671000,5080.940000,1.671100,7721.500000,1.671200,7817.540000,1.671300,6927.230000,1.671400,1118.770000,1.671500,5849.880000
1759266182.8650434,178742394762,1.670500,17997.420000,1.670400,2400.000000,1.670300,11799.230000,1.670200,2016.870000,1.670100,1670.850000,1.670000,1815.040000,1.669900,1858.800000,1.669800,1129.450000,1.669700,1737.270000,1.669600,77.610000,1.670700,27.060000,1.670900,507.600000,1.671100,6577.250000,1.671200,7424.480000,1.671300,6673.080000,1.671400,13168.320000,1.671500,4783.690000,1.671600,1235.010000,1.671700,13641.840000,1.671800,942.160000
1759266183.1315103,178742399762,1.671100,172.940000,1.670900,26089.470000,1.670800,1753.370000,1.670700,1625.980000,1.670600,1350.400000,1.670500,1626.530000,1.670300,3150.150000,1.670200,2016.870000,1.670100,1626.780000,1.670000,6389.510000,1.671500,3427.920000,1.671600,116.740000,1.671700,6192.010000,1.671800,25.110000,1.671900,1769.560000,1.672000,1580.660000,1.672100,6918.790000,1.672200,8744.250000,1.672300,12987.390000,1.672400,2466.480000
1759266183.39074,178742403446,1.671400,30758.670000,1.671300,1117.230000,1.671200,3810.930000,1.671100,7012.310000,1.671000,27.270000,1.670900,2742.830000,1.670800,1118.380000,1.670700,1625.980000,1.670600,1479.530000,1.670500,1626.530000,1.671500,2913.020000,1.671600,116.740000,1.671700,242.270000,1.671800,2206.070000,1.671900,527.580000,1.672000,10973.440000,1.672100,5802.770000,1.672200,1967.370000,1.672300,903.530000,1.672400,2342.330000
1759266183.6723356,178742407743,1.671400,38667.460000,1.671300,1144.500000,1.671200,1668.350000,1.671100,1925.160000,1.670900,2974.850000,1.670800,6437.600000,1.670700,1625.980000,1.670600,1522.960000,1.670500,1626.530000,1.670400,5209.460000,1.671500,1764.870000,1.671600,116.740000,1.671700,9.270000,1.671800,25.110000,1.671900,21.080000,1.672000,467.060000,1.672100,593.680000,1.672200,6498.790000,1.672300,3429.340000,1.672400,989.310000
1759266183.8960052,178742411708,1.671900,19517.420000,1.671800,27.260000,1.671700,9532.300000,1.671600,2400.000000,1.671500,250.160000,1.671400,2259.670000,1.671300,1117.230000,1.671200,1883.570000,1.671100,1399.930000,1.670900,3147.410000,1.672000,7.590000,1.672100,593.680000,1.672200,728.500000,1.672300,1202.750000,1.672400,989.310000,1.672500,1125.410000,1.672600,11406.300000,1.672700,6489.520000,1.672800,3012.910000,1.672900,7951.650000
1759266184.15314,178742416242,1.672000,24275.050000,1.671900,2739.760000,1.671800,5807.630000,1.671700,9576.370000,1.671600,634.990000,1.671500,2946.820000,1.671400,1856.700000,1.671300,1226.990000,1.671200,1624.280000,1.671100,1694.750000,1.672100,86.810000,1.672200,222.000000,1.672300,903.530000,1.672400,989.310000,1.672500,7975.380000,1.672600,10177.610000,1.672700,518.640000,1.672800,1643.580000,1.672900,6708.950000,1.673000,11910.980000
1759266184.409006,178742418625,1.672000,24275.050000,1.671900,4926.410000,1.671800,5807.630000,1.671700,7389.720000,1.671600,634.990000,1.671500,2946.820000,1.671400,1856.700000,1.671300,1226.990000,1.671200,1624.280000,1.671100,1694.750000,1.672100,86.810000,1.672200,222.000000,1.672300,903.530000,1.672400,989.310000,1.672500,7975.380000,1.672600,10399.610000,1.672700,518.640000,1.672800,1942.720000,1.672900,6708.950000,1.673000,17881.860000
1759266184.7929814,178742422353,1.672000,26538.960000,1.671900,10648.550000,1.671800,3516.460000,1.671700,1667.580000,1.671600,634.990000,1.671500,2946.820000,1.671400,1856.700000,1.671300,1226.990000,1.671200,6833.740000,1.671100,1694.750000,1.672100,26.940000,1.672200,222.000000,1.672300,903.530000,1.672400,989.310000,1.672500,24.130000,1.672600,5663.520000,1.672700,518.640000,1.672800,4123.680000,1.672900,5474.160000,1.673000,5832.310000
1759266184.9317596,178742426624,1.672000,26538.960000,1.671900,10648.550000,1.671800,3516.460000,1.671700,1667.580000,1.671600,634.990000,1.671500,2946.820000,1.671400,1856.700000,1.671300,1226.990000,1.671200,6833.740000,1.671100,1694.750000,1.672200,1.540000,1.672300,903.530000,1.672400,989.310000,1.672500,24.130000,1.672600,5663.520000,1.672700,11025.020000,1.672800,4123.680000,1.672900,738.070000,1.673000,5832.310000,1.673100,2464.160000
1759266185.2817352,178742431457,1.672000,15361.240000,1.671900,10648.550000,1.671800,3516.460000,1.671700,1667.580000,1.671600,634.990000,1.671500,2946.820000,1.671400,1856.700000,1.671300,1226.990000,1.671200,6833.740000,1.671100,1694.750000,1.672200,201.500000,1.672300,624.040000,1.672400,989.310000,1.672500,24.130000,1.672600,5663.520000,1.672700,11025.020000,1.672800,4123.680000,1.672900,738.070000,1.673000,5832.310000,1.673100,2464.160000
1759266185.545222,178742435520,1.672100,2654.310000,1.672000,15361.240000,1.671900,10673.550000,1.671800,3516.460000,1.671700,1667.580000,1.671600,634.990000,1.671500,2946.820000,1.671400,1856.700000,1.671300,1226.990000,1.671200,6833.740000,1.672400,996.470000,1.672500,24.130000,1.672600,5663.520000,1.672700,11025.020000,1.672800,4123.680000,1.672900,738.070000,1.673000,5832.310000,1.673100,2464.160000,1.673200,936.000000,1.673300,10685.040000
1759266185.9218357,178742440229,1.672200,18443.580000,1.672000,2291.170000,1.671900,13073.550000,1.671800,1116.460000,1.671700,1667.580000,1.671600,634.990000,1.671500,2946.820000,1.671400,1856.700000,1.671300,1226.990000,1.671200,6833.740000,1.672400,482.810000,1.672500,24.130000,1.672600,5663.520000,1.672700,11059.050000,1.672800,4123.680000,1.672900,738.070000,1.673000,5832.310000,1.673100,2464.160000,1.673200,901.690000,1.673300,10685.040000
1759266186.1853237,178742444474,1.671900,25.000000,1.671700,3810.160000,1.671600,5722.140000,1.671500,2946.820000,1.671400,4024.680000,1.671300,3722.930000,1.671200,1917.480000,1.671100,1290.170000,1.671000,419.390000,1.670900,2742.830000,1.672000,66.970000,1.672200,550.570000,1.672300,344.140000,1.672400,9844.730000,1.672500,4760.220000,1.672600,6892.850000,1.672700,1635.300000,1.672800,7630.090000,1.672900,8814.860000,1.673000,5719.640000
1759266186.4324093,178742447113,1.671900,25.000000,1.671800,27.250000,1.671700,3810.160000,1.671600,5722.140000,1.671500,5210.730000,1.671400,4024.680000,1.671300,1459.020000,1.671200,1917.480000,1.671100,1290.170000,1.671000,419.390000,1.672000,40.930000,1.672200,550.570000,1.672300,11384.370000,1.672400,15923.400000,1.672500,24.130000,1.672600,6892.850000,1.672700,7606.180000,1.672800,1659.210000,1.672900,2736.190000,1.673000,5719.640000
1759266186.7085092,178742451216,1.671900,2536.780000,1.671800,27.250000,1.671700,3810.160000,1.671600,10386.050000,1.671500,2946.820000,1.671400,1624.680000,1.671300,1459.020000,1.671200,1917.480000,1.671100,1290.170000,1.671000,419.390000,1.672000,17.230000,1.672200,2731.530000,1.672300,677.400000,1.672400,7656.610000,1.672500,4760.220000,1.672600,18942.400000,1.672700,7606.180000,1.672800,2257.670000,1.672900,2736.190000,1.673000,5719.640000
1759266187.0131996,178742454748,1.671800,27.250000,1.671700,3810.160000,1.671600,5766.110000,1.671500,7610.730000,1.671400,1624.680000,1.671300,1117.230000,1.671200,1968.710000,1.671100,1631.960000,1.671000,309.630000,1.670900,2747.830000,1.672200,3680.960000,1.672300,1098.950000,1.672400,7656.610000,1.672500,5877.150000,1.672600,18829.730000,1.672700,7606.180000,1.672800,2257.670000,1.672900,1854.730000,1.673000,5753.950000,1.673100,2498.990000
1759266187.3096979,178742460189,1.671900,506.880000,1.671800,27.250000,1.671700,3810.160000,1.671600,8166.110000,1.671500,5210.730000,1.671400,1624.680000,1.671300,1117.230000,1.671200,1968.710000,1.671100,1290.170000,1.671000,309.630000,1.672100,2651.390000,1.672200,3663.730000,1.672300,840.170000,1.672400,2186.290000,1.672500,5877.150000,1.672600,18942.400000,1.672700,7606.180000,1.672800,2257.670000,1.672900,2736.190000,1.673000,5719.640000
1759266187.5587466,178742463803,1.671800,2674.750000,1.671500,713.020000,1.671400,1624.680000,1.671300,3596.690000,1.671200,3932.160000,1.671100,9412.310000,1.671000,77.610000,1.670900,2747.830000,1.670800,6352.840000,1.670700,1625.980000,1.671900,6543.900000,1.672100,12968.350000,1.672200,7826.230000,1.672300,1623.970000,1.672400,3128.260000,1.672500,2258.120000,1.672600,6558.180000,1.672700,7606.180000,1.672800,1358.510000,1.672900,1923.870000
1759266187.8126364,178742467265,1.671700,2501.210000,1.671600,15.000000,1.671500,206.090000,1.671400,531.620000,1.671300,2186.650000,1.671200,1624.280000,1.671100,7305.120000,1.671000,4785.490000,1.670900,2747.830000,1.670800,1143.380000,1.671900,7822.950000,1.672000,11831.360000,1.672100,14097.540000,1.672200,9068.170000,1.672300,1623.970000,1.672400,2484.910000,1.672500,2258.120000,1.672600,6558.180000,1.672700,1793.940000,1.672800,1234.180000
1759266188.0662572,178742470949,1.671500,2651.520000,1.671400,24.450000,1.671200,3810.930000,1.671100,1582.980000,1.671000,10507.630000,1.670900,2747.830000,1.670800,1143.380000,1.670700,2312.200000,1.670600,1350.400000,1.670500,1626.530000,1.671600,34.030000,1.671700,507.230000,1.671800,657.580000,1.671900,112.530000,1.672100,3165.520000,1.672200,9068.170000,1.672300,6360.060000,1.672400,20505.340000,1.672500,2258.120000,1.672600,6558.180000
1759266188.3288336,178742474465,1.671700,2651.200000,1.671300,3224.380000,1.671200,9654.300000,1.671100,1290.170000,1.671000,77.610000,1.670900,2747.830000,1.670800,1143.380000,1.670700,2312.200000,1.670600,1350.400000,1.670500,1695.670000,1.671900,3619.250000,1.672000,6.870000,1.672100,2249.890000,1.672200,8048.440000,1.672300,6360.060000,1.672400,19608.430000,1.672500,3500.060000,1.672600,6558.180000,1.672700,1635.300000,1.672800,1414.180000
1759266188.5705514,178742477654,1.671400,2626.340000,1.671300,2718.220000,1.671200,7346.420000,1.671100,3846.890000,1.671000,4785.490000,1.670900,2747.830000,1.670800,1143.380000,1.670700,2312.200000,1.670600,1350.400000,1.670500,1626.530000,1.671600,222.000000,1.671700,541.260000,1.671800,6.870000,1.671900,3697.750000,1.672100,7901.540000,1.672200,8836.460000,1.672300,1965.360000,1.672400,19608.430000,1.672500,2258.120000,1.672600,6558.180000
1759266188.8218489,178742480948,1.671400,2603.560000,1.671300,2718.220000,1.671200,7346.420000,1.671100,3982.980000,1.671000,2385.490000,1.670900,2747.830000,1.670800,1143.380000,1.670700,2312.200000,1.670600,1350.400000,1.670500,1626.530000,1.671600,222.000000,1.671700,541.260000,1.671800,2187.830000,1.671900,7487.670000,1.672100,7901.540000,1.672200,8880.540000,1.672300,1980.360000,1.672400,7558.880000,1.672500,2258.120000,1.672600,6558.180000
1759266189.0776014,178742484123,1.671400,2603.560000,1.671300,507.120000,1.671200,7346.420000,1.671100,6169.630000,1.671000,2385.490000,1.670900,2747.830000,1.670800,1143.380000,1.670700,2312.200000,1.670600,1350.400000,1.670500,1626.530000,1.671600,214.300000,1.671700,2729.380000,1.671800,10680.250000,1.671900,13566.340000,1.672100,3165.450000,1.672200,8880.540000,1.672300,1980.360000,1.672400,7558.880000,1.672500,2258.120000,1.672600,6558.180000
1759266189.5019464,178742489321,1.671400,2461.560000,1.671300,531.570000,1.671200,7346.420000,1.671100,6169.630000,1.671000,2385.490000,1.670900,2747.830000,1.670800,1143.380000,1.670700,2312.200000,1.670600,1350.400000,1.670500,1626.530000,1.671600,3630.110000,1.671700,2729.380000,1.671800,10673.380000,1.671900,7487.670000,1.672100,9244.120000,1.672200,8880.540000,1.672300,1980.360000,1.672400,7558.880000,1.672500,2258.120000,1.672600,6558.180000
1759266189.8189201,178742493541,1.671400,2461.560000,1.671300,531.570000,1.671200,9746.420000,1.671100,3769.630000,1.671000,2385.490000,1.670900,2747.830000,1.670800,1143.380000,1.670700,2312.200000,1.670600,1350.400000,1.670500,1626.530000,1.671600,3493.490000,1.671700,2729.380000,1.671800,10673.380000,1.671900,7487.670000,1.672100,9244.120000,1.672200,8880.540000,1.672300,1980.360000,1.672400,7558.880000,1.672500,2258.120000,1.672600,6558.180000
1759266190.1438713,178742494762,1.671400,2461.560000,1.671300,531.570000,1.671200,9746.420000,1.671100,3769.630000,1.671000,2385.490000,1.670900,2747.830000,1.670800,1143.380000,1.670700,2312.200000,1.670600,1350.400000,1.670500,1626.530000,1.671600,3403.760000,1.671700,2729.380000,1.671800,10673.380000,1.671900,7487.670000,1.672100,9244.120000,1.672200,8880.540000,1.672300,1980.360000,1.672400,7558.880000,1.672500,2258.120000,1.672600,6558.180000
1759266190.4386332,178742501249,1.671400,2255.730000,1.671300,531.570000,1.671200,9746.420000,1.671100,3769.630000,1.671000,2385.490000,1.670900,2747.830000,1.670800,1143.380000,1.670700,2312.200000,1.670600,1350.400000,1.670500,1626.530000,1.671600,2916.590000,1.671700,2729.380000,1.671800,10673.380000,1.671900,6590.490000,1.672100,9244.120000,1.672200,8880.540000,1.672300,1980.360000,1.672400,7558.880000,1.672500,2258.120000,1.672600,6558.180000
1759266190.6496935,178742506372,1.671300,24.450000,1.671100,172.940000,1.671000,77.610000,1.670900,5.000000,1.670800,2211.650000,1.670700,2907.600000,1.670600,1455.160000,1.670500,7348.670000,1.670300,2785.520000,1.670200,3382.690000,1.671400,10944.190000,1.671600,601.940000,1.671700,13110.920000,1.671800,12812.700000,1.671900,7196.400000,1.672000,1117.730000,1.672100,1748.900000,1.672200,7826.230000,1.672300,1767.800000,1.672400,989.410000
1759266190.9091668,178742510397,1.670800,2652.840000,1.670700,2789.160000,1.670600,3641.810000,1.670500,7348.670000,1.670300,2785.520000,1.670200,3382.690000,1.670100,1626.780000,1.670000,1481.930000,1.669900,1626.780000,1.669800,1198.490000,1.671200,17353.550000,1.671300,5970.880000,1.671400,12805.250000,1.671500,1118.190000,1.671600,1727.000000,1.671700,8374.830000,1.671800,6841.820000,1.671900,1117.730000,1.672000,1117.730000,1.672100,1748.900000
1759266191.1675308,178742512739,1.670800,2652.840000,1.670700,2789.160000,1.670600,3641.810000,1.670500,7348.670000,1.670300,2785.520000,1.670200,3382.690000,1.670100,1626.780000,1.670000,1481.930000,1.669900,1626.780000,1.669800,1198.490000,1.671100,7077.490000,1.671200,11347.410000,1.671300,5970.880000,1.671400,12805.250000,1.671500,1118.190000,1.671600,1720.130000,1.671700,8973.690000,1.671800,6834.660000,1.671900,1117.730000,1.672000,1117.730000
1759266191.4336104,178742515268,1.670800,2627.110000,1.670700,389.160000,1.670600,6041.810000,1.670500,7348.670000,1.670300,2785.520000,1.670200,3382.690000,1.670100,1626.780000,1.670000,1481.930000,1.669900,1626.780000,1.669800,1198.490000,1.671100,7023.080000,1.671200,11347.410000,1.671300,6132.880000,1.671400,12805.250000,1.671500,1118.190000,1.671600,1720.130000,1.671700,8973.690000,1.671800,6834.660000,1.671900,1117.730000,1.672000,1117.730000
1759266191.7482178,178742523393,1.671100,19762.190000,1.671000,2951.410000,1.670900,2263.910000,1.670800,1236.260000,1.670700,1507.090000,1.670600,1804.600000,1.670500,1626.530000,1.670400,232.020000,1.670300,2785.520000,1.670200,1118.780000,1.671400,4767.640000,1.671600,6262.550000,1.671700,5854.020000,1.671800,6834.660000,1.671900,1117.730000,1.672000,1117.730000,1.672100,7719.780000,1.672200,20236.260000,1.672300,1776.370000,1.672400,989.410000
1759266192.0080962,178742527320,1.671200,4838.750000,1.671100,20017.250000,1.671000,6273.550000,1.670900,3381.640000,1.670800,1236.260000,1.670700,1507.090000,1.670600,1804.600000,1.670500,1626.530000,1.670400,232.020000,1.670300,2785.520000,1.671300,12.670000,1.671600,791.620000,1.671700,1117.930000,1.671800,13751.710000,1.671900,6888.020000,1.672000,1117.730000,1.672100,8318.490000,1.672200,20236.260000,1.672300,1776.370000,1.672400,989.410000
1759266192.2686121,178742530270,1.671200,17381.910000,1.671100,5464.040000,1.671000,6273.550000,1.670900,1117.730000,1.670800,1236.260000,1.670700,1507.090000,1.670600,1804.600000,1.670500,1626.530000,1.670400,232.020000,1.670300,2785.520000,1.671600,4194.380000,1.671700,1367.920000,1.671800,13751.710000,1.671900,6888.020000,1.672000,1117.730000,1.672100,8318.490000,1.672200,20236.260000,1.672300,1776.370000,1.672400,989.410000,1.672500,2327.160000
1759266192.5278351,178742534623,1.671200,2186.650000,1.671100,800.130000,1.671000,6273.550000,1.670900,1117.730000,1.670800,1236.260000,1.670700,3771.000000,1.670600,1804.600000,1.670500,1626.530000,1.670400,232.020000,1.670300,2785.520000,1.671400,3389.580000,1.671500,27.990000,1.671600,299.360000,1.671700,263.190000,1.671800,5890.730000,1.671900,7000.550000,1.672000,1117.730000,1.672100,8428.170000,1.672200,19875.780000,1.672300,2522.320000
1759266192.7704923,178742538481,1.671100,22118.550000,1.671000,8537.460000,1.670900,3304.380000,1.670800,1236.260000,1.670700,1507.090000,1.670600,1804.600000,1.670500,1626.530000,1.670300,2785.520000,1.670200,1118.780000,1.670100,1987.260000,1.671400,2180.960000,1.671600,299.360000,1.671700,729.270000,1.671800,5890.730000,1.671900,2235.520000,1.672000,1117.730000,1.672100,2347.610000,1.672200,13797.110000,1.672300,1761.370000,1.672400,13038.960000
1759266193.0251799,178742542440,1.671300,5328.960000,1.671200,8166.110000,1.671100,2693.970000,1.671000,507.440000,1.670900,2235.320000,1.670800,4186.290000,1.670700,1507.090000,1.670600,1118.380000,1.670500,1858.550000,1.670300,3146.000000,1.671600,6097.630000,1.671700,2910.230000,1.671800,10486.850000,1.671900,2235.520000,1.672000,1117.730000,1.672100,2347.610000,1.672200,13797.110000,1.672300,1761.370000,1.672400,13399.440000,1.672500,2292.900000
1759266193.277025,178742545743,1.671300,3444.560000,1.671200,10352.760000,1.671100,507.320000,1.671000,2771.350000,1.670900,2235.320000,1.670800,1922.380000,1.670700,1507.090000,1.670600,1118.380000,1.670500,1858.550000,1.670300,3146.000000,1.671600,5992.290000,1.671700,2910.230000,1.671800,10486.850000,1.671900,8425.400000,1.672000,1230.260000,1.672100,1748.900000,1.672200,13906.790000,1.672300,1761.370000,1.672400,7814.030000,1.672500,2292.900000
1759266193.6000104,178742550631,1.671500,3450.250000,1.671400,5766.110000,1.671300,2907.350000,1.671200,1117.390000,1.671100,3888.620000,1.671000,1193.560000,1.670900,4499.230000,1.670800,1468.280000,1.670700,1532.090000,1.670600,1118.380000,1.671600,2103.200000,1.671800,5508.780000,1.672100,6492.150000,1.672200,7851.230000,1.672300,2300.220000,1.672400,989.410000,1.672500,8229.000000,1.672600,18968.210000,1.672700,1669.560000,1.672800,1389.180000
1759266193.8628714,178742554476,1.671500,31103.920000,1.671400,1117.120000,1.671300,1624.470000,1.671200,3794.200000,1.671100,1624.710000,1.671000,739.460000,1.670900,2235.320000,1.670800,1596.740000,1.670700,2072.130000,1.670600,1118.380000,1.671600,1194.610000,1.671700,27.980000,1.672200,8915.420000,1.672300,917.780000,1.672400,5725.500000,1.672500,8465.860000,1.672600,18607.730000,1.672700,1744.980000,1.672800,1389.180000,1.672900,2660.450000
1759266194.108748,178742559043,1.671700,2650.220000,1.671600,205.940000,1.671500,492.060000,1.671400,7132.070000,1.671300,1668.440000,1.671200,5781.300000,1.671100,1624.710000,1.671000,507.440000,1.670900,2921.280000,1.670800,1236.260000,1.671800,1194.610000,1.671900,507.140000,1.672000,194.060000,1.672100,695.100000,1.672200,7851.850000,1.672300,1702.120000,1.672400,11696.380000,1.672500,8821.930000,1.672600,6592.440000,1.672700,1670.080000
1759266194.3762271,178742562817,1.671700,2650.220000,1.671600,205.940000,1.671500,2186.650000,1.671400,5722.140000,1.671300,507.350000,1.671200,3674.110000,1.671100,1668.680000,1.671000,5171.350000,1.670900,2235.320000,1.670800,1236.260000,1.671800,4801.900000,1.671900,619.670000,1.672000,1311.580000,1.672100,1812.620000,1.672200,12587.940000,1.672300,8374.870000,1.672400,7193.290000,1.672500,8461.450000,1.672600,6592.440000,1.672700,1670.080000
1759266194.6212184,178742565952,1.671700,2577.750000,1.671600,205.940000,1.671400,6014.950000,1.671300,551.320000,1.671200,1117.390000,1.671100,1624.710000,1.671000,2771.350000,1.670900,2235.320000,1.670800,1236.260000,1.670700,1532.090000,1.671800,1113.960000,1.671900,8458.390000,1.672000,1311.580000,1.672100,6501.240000,1.672200,7851.850000,1.672300,7782.680000,1.672400,7193.290000,1.672500,9207.400000,1.672600,6558.180000,1.672700,1670.080000
1759266194.8785,178742568393,1.671700,2577.750000,1.671600,205.940000,1.671400,6014.950000,1.671300,5137.970000,1.671200,3381.300000,1.671100,1624.710000,1.671000,507.440000,1.670900,2921.280000,1.670800,1236.260000,1.670700,1764.050000,1.671800,4167.750000,1.671900,8492.420000,1.672000,1311.580000,1.672100,6473.260000,1.672200,7851.850000,1.672300,8381.320000,1.672400,7193.290000,1.672500,9207.400000,1.672600,6558.180000,1.672700,1670.080000
1759266195.1478252,178742572960,1.671800,2942.760000,1.671700,2950.990000,1.671600,507.060000,1.671500,7908.790000,1.671400,2263.910000,1.671300,3427.530000,1.671200,1117.390000,1.671100,1856.670000,1.671000,507.440000,1.670900,2235.320000,1.671900,1194.610000,1.672000,194.060000,1.672100,12986.610000,1.672200,6734.460000,1.672300,618.760000,1.672400,7193.290000,1.672500,8573.980000,1.672600,12529.060000,1.672700,1744.980000,1.672800,1354.400000
1759266195.394669,178742576119,1.671800,2942.760000,1.671700,6273.130000,1.671600,5093.710000,1.671500,1116.890000,1.671400,2263.910000,1.671300,3427.530000,1.671200,1117.390000,1.671100,1856.670000,1.671000,507.440000,1.670900,2235.320000,1.671900,706.670000,1.672000,222.040000,1.672100,8250.520000,1.672200,11470.550000,1.672300,618.760000,1.672400,7193.290000,1.672500,8573.980000,1.672600,13127.590000,1.672700,1744.980000,1.672800,1354.400000
1759266195.652653,178742579822,1.671800,2649.950000,1.671700,6229.160000,1.671600,2962.630000,1.671500,1160.860000,1.671400,2400.000000,1.671300,5005.500000,1.671200,1117.390000,1.671100,2290.670000,1.671000,507.440000,1.670900,2467.280000,1.671900,706.670000,1.672000,222.040000,1.672100,13527.580000,1.672200,6754.430000,1.672300,697.260000,1.672400,7193.290000,1.672500,8571.130000,1.672600,13127.590000,1.672700,2381.250000,1.672800,1389.180000
1759266195.904252,178742581844,1.671800,2470.490000,1.671700,507.020000,1.671600,2962.630000,1.671500,6883.000000,1.671400,4663.910000,1.671300,2741.590000,1.671200,1117.390000,1.671100,2290.670000,1.671000,507.440000,1.670900,2467.280000,1.671900,713.830000,1.672000,222.040000,1.672100,13527.580000,1.672200,6954.430000,1.672300,697.260000,1.672400,7193.290000,1.672500,8571.130000,1.672600,13127.590000,1.672700,2381.250000,1.672800,1389.180000
1759266196.2272172,178742587635,1.671700,776.000000,1.671600,14995.380000,1.671500,507.080000,1.671400,2650.940000,1.671300,2717.040000,1.671200,3381.300000,1.671100,1624.710000,1.671000,507.440000,1.670900,2235.320000,1.670800,1236.260000,1.671800,691.710000,1.671900,222.000000,1.672000,194.060000,1.672100,27.980000,1.672200,7885.740000,1.672300,6458.040000,1.672400,7305.820000,1.672500,8461.450000,1.672600,12638.740000,1.672700,1635.300000
1759266196.4713442,178742590879,1.671700,3409.580000,1.671600,2443.970000,1.671500,507.080000,1.671300,2717.040000,1.671200,1783.350000,1.671100,1624.710000,1.671000,739.400000,1.670900,4499.230000,1.670800,1236.260000,1.670700,2501.650000,1.671800,691.710000,1.671900,222.000000,1.672000,194.060000,1.672100,27.980000,1.672200,9214.670000,1.672300,5320.820000,1.672400,7227.320000,1.672500,8481.420000,1.672600,12641.590000,1.672700,2233.800000
1759266196.7241774,178742593790,1.671800,18835.330000,1.671700,10798.990000,1.671500,2740.620000,1.671400,2929.870000,1.671300,2717.040000,1.671200,1349.350000,1.671100,1624.710000,1.671000,507.440000,1.670900,3135.840000,1.670800,1236.260000,1.671900,691.710000,1.672100,27.980000,1.672200,13950.760000,1.672300,6355.020000,1.672400,7227.320000,1.672500,8481.420000,1.672600,12641.590000,1.672700,2233.800000,1.672800,1464.080000,1.672900,1914.500000
1759266197.0434644,178742598444,1.671800,24239.660000,1.671700,5076.850000,1.671500,2740.620000,1.671400,2929.870000,1.671300,2717.040000,1.671200,1349.350000,1.671100,1624.710000,1.671000,507.440000,1.670900,3135.840000,1.670800,1236.260000,1.671900,691.710000,1.672100,31.560000,1.672200,13950.760000,1.672300,6355.020000,1.672400,7227.320000,1.672500,8481.420000,1.672600,12641.590000,1.672700,2233.800000,1.672800,1464.080000,1.672900,1914.500000
1759266197.4319532,178742602955,1.671800,24239.660000,1.671700,5076.850000,1.671500,2740.620000,1.671400,2929.870000,1.671300,2717.040000,1.671200,1349.350000,1.671100,1624.710000,1.671000,507.440000,1.670900,3135.840000,1.670800,1236.260000,1.671900,691.710000,1.672100,31.560000,1.672200,13950.760000,1.672300,6355.020000,1.672400,7227.320000,1.672500,8481.420000,1.672600,12641.590000,1.672700,2233.800000,1.672800,1464.080000,1.672900,1914.500000
1759266197.780157,178742607356,1.671800,24039.660000,1.671700,2676.850000,1.671600,2400.000000,1.671500,2740.620000,1.671400,2929.870000,1.671300,2717.040000,1.671200,1349.350000,1.671100,1624.710000,1.671000,507.440000,1.670900,3135.840000,1.671900,691.710000,1.672100,35.140000,1.672200,13950.760000,1.672300,6355.020000,1.672400,7227.320000,1.672500,8481.420000,1.672600,12641.590000,1.672700,2233.800000,1.672800,1464.080000,1.672900,1914.500000
1759266198.033518,178742610932,1.672000,1881.200000,1.671900,7171.160000,1.671800,43.970000,1.671700,2893.780000,1.671500,2740.620000,1.671400,2929.870000,1.671300,2717.040000,1.671200,1349.350000,1.671100,1624.710000,1.671000,507.440000,1.672200,6939.640000,1.672300,584.730000,1.672400,5992.530000,1.672500,10354.000000,1.672600,12641.590000,1.672700,8204.680000,1.672800,7542.750000,1.672900,1914.500000,1.673000,6465.590000,1.673100,2265.940000
1759266198.208238,178742612250,1.672000,2649.870000,1.671900,7440.080000,1.671800,43.970000,1.671700,2893.780000,1.671500,5004.530000,1.671400,665.960000,1.671300,2717.040000,1.671200,1349.350000,1.671100,1624.710000,1.671000,507.440000,1.672200,6939.640000,1.672300,584.730000,1.672400,5992.530000,1.672500,10354.000000,1.672600,12641.590000,1.672700,8204.680000,1.672800,7542.750000,1.672900,1914.500000,1.673000,6465.590000,1.673100,2265.940000
1759266198.4579418,178742618171,1.672100,20040.690000,1.672000,1143.110000,1.671900,1623.130000,1.671800,1782.340000,1.671700,493.780000,1.671600,231.960000,1.671500,2740.620000,1.671300,3617.560000,1.671200,6326.850000,1.671100,1693.750000,1.672200,1430.930000,1.672300,77.610000,1.672400,486.140000,1.672500,24.130000,1.672600,5740.700000,1.672700,5254.730000,1.672800,9324.110000,1.672900,1874.700000,1.673000,23976.930000,1.673100,2231.160000
1759266198.7082899,178742620887,1.672200,4957.280000,1.672100,30077.710000,1.672000,1116.380000,1.671900,1649.860000,1.671800,1782.340000,1.671700,1610.160000,1.671600,231.960000,1.671500,2740.620000,1.671300,3617.410000,1.671200,6326.850000,1.672300,77.610000,1.672400,482.810000,1.672500,246.130000,1.672600,531.240000,1.672700,521.970000,1.672800,9324.110000,1.672900,6610.790000,1.673000,23976.930000,1.673100,2829.510000,1.673200,650.890000
1759266198.9944303,178742624168,1.672200,8046.310000,1.672100,2937.020000,1.672000,1116.380000,1.671900,1623.130000,1.671800,4046.250000,1.671700,1610.160000,1.671600,231.960000,1.671500,2740.620000,1.671300,3617.410000,1.671200,6326.850000,1.672300,77.610000,1.672400,482.810000,1.672500,246.130000,1.672600,531.240000,1.672700,521.970000,1.672800,9324.110000,1.672900,6610.790000,1.673000,23976.930000,1.673100,2829.510000,1.673200,650.890000
1759266199.266899,178742628568,1.672200,27045.670000,1.672100,5200.930000,1.672000,2616.380000,1.671900,1623.130000,1.671800,1782.340000,1.671700,1610.160000,1.671600,231.960000,1.671500,2740.620000,1.671300,3617.410000,1.671200,6326.850000,1.672300,67.610000,1.672400,482.810000,1.672500,246.130000,1.672600,531.240000,1.672700,521.970000,1.672800,9324.110000,1.672900,6610.790000,1.673000,23976.930000,1.673100,2829.510000,1.673200,650.890000
1759300063.9436178,179248707943,1.585600,35.260000,1.585500,2215.750000,1.585400,613.010000,1.585300,1126.190000,1.585200,4691.700000,1.585100,1876.510000,1.585000,1210.650000,1.584900,9219.270000,1.584800,7556.020000,1.584700,13.690000,1.586100,33785.360000,1.586200,21.960000,1.586300,6363.620000,1.586400,4561.570000,1.586500,557.810000,1.586600,81.360000,1.586700,7504.050000,1.586800,9226.400000,1.586900,1753.880000,1.587000,269.260000
1759300072.870798,179248830878,1.584700,412.200000,1.584500,1352.370000,1.584300,1726.870000,1.584200,6905.100000,1.584100,10536.840000,1.584000,6178.430000,1.583900,2139.400000,1.583800,1793.700000,1.583700,3884.270000,1.583600,7056.280000,1.584800,29061.120000,1.584900,1409.890000,1.585000,5379.230000,1.585100,1070.550000,1.585300,1773.840000,1.585400,6747.150000,1.585500,2203.620000,1.585600,3355.530000,1.585700,7559.680000,1.585800,13349.200000
1759300073.116812,179248834658,1.584800,788.350000,1.584700,1510.430000,1.584600,69.090000,1.584500,1583.680000,1.584300,1726.870000,1.584200,90.250000,1.584100,10350.540000,1.584000,15353.210000,1.583900,2139.400000,1.583800,1793.700000,1.584900,2504.680000,1.585100,3.780000,1.585300,1127.250000,1.585400,6623.240000,1.585500,1911.350000,1.585600,843.940000,1.585700,1166.610000,1.585800,5942.290000,1.585900,6927.680000,1.586000,2952.900000
1759300073.3813722,179248837160,1.584800,3759.490000,1.584700,1510.430000,1.584600,6932.670000,1.584500,2700.490000,1.584400,8620.770000,1.584300,1737.440000,1.584200,90.250000,1.584100,1729.770000,1.584000,15353.210000,1.583900,14925.540000,1.584900,30.000000,1.585100,7194.130000,1.585300,1375.110000,1.585400,11202.210000,1.585500,2238.930000,1.585600,598.550000,1.585700,1227.510000,1.585800,563.060000,1.585900,6927.680000,1.586000,2952.900000
1759300073.677816,179248841704,1.584800,6234.170000,1.584700,1510.430000,1.584600,15553.440000,1.584500,2700.490000,1.584400,6393.070000,1.584300,1737.440000,1.584200,90.250000,1.584100,1729.770000,1.584000,8960.140000,1.583900,14925.540000,1.584900,0.270000,1.585100,7194.130000,1.585300,1375.110000,1.585400,11202.210000,1.585500,2238.930000,1.585600,598.550000,1.585700,1227.510000,1.585800,563.060000,1.585900,6927.680000,1.586000,3186.900000
1759300074.0083458,179248846044,1.585000,2971.140000,1.584900,788.350000,1.584800,7056.560000,1.584700,1510.430000,1.584600,69.090000,1.584500,17110.890000,1.584400,15013.840000,1.584300,1748.830000,1.584200,90.250000,1.584100,1729.770000,1.585300,1375.110000,1.585400,8098.840000,1.585500,2238.930000,1.585600,5977.780000,1.585700,1227.510000,1.585800,5942.290000,1.585900,6927.680000,1.586000,3186.900000,1.586100,1881.200000,1.586200,63.850000
1759300074.2538502,179248850084,1.585000,3.780000,1.584800,3031.720000,1.584700,946.550000,1.584600,30.000000,1.584500,1352.370000,1.584300,8612.410000,1.584200,8704.990000,1.584100,2727.470000,1.584000,6178.430000,1.583900,2139.400000,1.585100,36430.750000,1.585200,504.750000,1.585300,2708.850000,1.585500,7770.850000,1.585600,1971.340000,1.585700,1127.090000,1.585800,563.060000,1.585900,6927.680000,1.586000,429.790000,1.586100,1689.450000
1759300074.531817,179248853411,1.584800,3031.720000,1.584700,946.550000,1.584600,30.000000,1.584500,1352.370000,1.584300,8612.410000,1.584200,8704.990000,1.584100,2727.470000,1.584000,6178.430000,1.583900,2139.400000,1.583800,653.040000,1.584900,2474.680000,1.585000,33.000000,1.585100,28577.150000,1.585300,2712.630000,1.585400,190.000000,1.585500,7770.850000,1.585600,1971.340000,1.585700,1127.090000,1.585800,563.060000,1.585900,13320.750000
1759300074.801722,179248858058,1.584800,3031.720000,1.584700,2476.550000,1.584500,564.020000,1.584300,8612.410000,1.584200,8704.990000,1.584100,2727.470000,1.584000,6178.430000,1.583900,2139.400000,1.583800,13439.180000,1.583700,1128.160000,1.584900,5314.420000,1.585000,5823.450000,1.585100,1549.510000,1.585200,5379.230000,1.585300,2712.630000,1.585400,200.570000,1.585500,7770.850000,1.585600,1971.340000,1.585700,1127.090000,1.585800,563.060000
1759300075.0635493,179248861649,1.584800,6765.050000,1.584700,2476.550000,1.584600,8642.730000,1.584500,7466.690000,1.584400,997.700000,1.584300,1726.870000,1.584200,45.130000,1.584100,1789.890000,1.584000,12571.500000,1.583900,3537.050000,1.585000,4914.490000,1.585300,1942.340000,1.585400,5744.960000,1.585500,7770.850000,1.585600,5989.170000,1.585700,2511.020000,1.585800,563.060000,1.585900,8363.780000,1.586000,13215.930000,1.586100,8082.520000
1759300075.315068,179248864436,1.584800,3785.370000,1.584700,2093.750000,1.584500,7466.690000,1.584400,9629.860000,1.584300,1737.440000,1.584200,45.130000,1.584100,1789.890000,1.584000,12571.500000,1.583900,3537.050000,1.583800,14762.990000,1.584900,22006.900000,1.585000,4914.490000,1.585100,2839.560000,1.585200,6190.880000,1.585300,1145.690000,1.585400,514.700000,1.585500,7781.420000,1.585600,659.450000,1.585700,1127.090000,1.585800,1946.990000
1759300075.6288736,179248867751,1.584800,2603.310000,1.584700,1530.000000,1.584600,788.350000,1.584500,564.020000,1.584300,1726.870000,1.584200,15441.460000,1.584100,2749.430000,1.584000,6178.430000,1.583900,2139.400000,1.583800,653.040000,1.584900,31582.310000,1.585000,811.650000,1.585100,6140.620000,1.585300,1709.420000,1.585500,7770.850000,1.585600,3355.530000,1.585700,1127.090000,1.585800,563.060000,1.585900,6990.730000,1.586000,13215.930000
1759300075.9668298,179248872026,1.584800,2603.310000,1.584700,1530.000000,1.584600,788.350000,1.584500,564.020000,1.584300,1726.870000,1.584200,15441.460000,1.584100,2749.430000,1.584000,6178.430000,1.583900,2139.400000,1.583800,653.040000,1.584900,34026.910000,1.585000,811.650000,1.585100,6140.620000,1.585200,178.000000,1.585300,1709.420000,1.585500,7770.850000,1.585600,3355.530000,1.585700,7520.160000,1.585800,563.060000,1.585900,6990.730000
1759300076.296893,179248877492,1.584800,3034.920000,1.584700,1530.000000,1.584600,788.350000,1.584500,564.020000,1.584300,1726.870000,1.584200,84.220000,1.584100,11358.810000,1.584000,6188.360000,1.583900,8532.470000,1.583800,653.040000,1.584900,7060.310000,1.585000,811.650000,1.585100,5942.930000,1.585300,1709.420000,1.585500,7770.850000,1.585600,598.550000,1.585700,1127.090000,1.585800,563.060000,1.585900,6990.730000,1.586000,19609.000000
1759300076.5489485,179248880625,1.584800,3034.920000,1.584700,1530.000000,1.584600,788.350000,1.584500,564.020000,1.584400,4554.020000,1.584300,1726.870000,1.584200,106.190000,1.584100,11348.240000,1.584000,6188.360000,1.583900,2139.400000,1.584900,3072.140000,1.585000,5596.100000,1.585100,5976.750000,1.585200,21.970000,1.585300,1145.690000,1.585400,5379.230000,1.585500,8098.430000,1.585600,1982.480000,1.585700,1187.990000,1.585800,563.060000
1759300076.7542324,179248883570,1.584800,2568.650000,1.584700,1530.000000,1.584600,788.350000,1.584500,614.020000,1.584400,4554.020000,1.584300,3909.320000,1.584200,8726.960000,1.584100,2727.470000,1.584000,6188.360000,1.583900,2139.400000,1.584900,31539.730000,1.585000,811.650000,1.585100,11969.840000,1.585200,21.970000,1.585300,1709.490000,1.585500,7770.850000,1.585600,3355.530000,1.585700,1127.090000,1.585800,563.060000,1.585900,6990.730000
1759300077.1111176,179248886497,1.584800,2120.620000,1.584700,1530.000000,1.584600,788.350000,1.584500,614.020000,1.584400,4554.020000,1.584300,3909.320000,1.584200,8726.960000,1.584100,2727.470000,1.584000,6188.360000,1.583900,2139.400000,1.584900,32095.260000,1.585000,811.650000,1.585100,11969.840000,1.585200,21.970000,1.585300,1709.490000,1.585500,7770.850000,1.585600,3355.530000,1.585700,1127.090000,1.585800,563.060000,1.585900,6990.730000
1759300077.371415,179248891146,1.584700,1407.990000,1.584600,788.350000,1.584500,614.020000,1.584400,4554.020000,1.584300,3909.320000,1.584200,106.200000,1.584100,11348.240000,1.584000,6188.360000,1.583900,2139.400000,1.583800,653.040000,1.584900,32688.390000,1.585000,811.650000,1.585100,11969.840000,1.585200,21.970000,1.585300,1709.490000,1.585500,7770.850000,1.585600,3355.530000,1.585700,1127.090000,1.585800,563.060000,1.585900,6990.730000
1759300077.625972,179248896722,1.584800,4288.170000,1.584700,2354.540000,1.584500,614.020000,1.584400,5845.420000,1.584300,2379.880000,1.584200,45.130000,1.584100,10350.540000,1.584000,6248.480000,1.583900,2139.400000,1.583800,3374.670000,1.584900,18.470000,1.585100,613.860000,1.585200,3087.510000,1.585300,1885.220000,1.585400,5728.780000,1.585500,7770.850000,1.585600,659.450000,1.585700,1127.090000,1.585800,3320.210000,1.585900,6990.730000
1759300077.8828325,179248901979,1.585000,3503.390000,1.584900,788.350000,1.584800,7863.460000,1.584700,2918.280000,1.584600,1127.090000,1.584500,789.750000,1.584400,5812.420000,1.584300,1737.440000,1.584200,45.130000,1.584100,22109.760000,1.585100,22011.370000,1.585300,830.430000,1.585400,5401.200000,1.585500,1089.410000,1.585600,598.550000,1.585700,1187.990000,1.585800,585.470000,1.585900,6927.680000,1.586000,1813.540000,1.586100,1689.450000
1759300078.1161036,179248905090,1.585000,1033.720000,1.584900,798.350000,1.584800,1126.990000,1.584700,2923.280000,1.584600,1127.090000,1.584500,13964.540000,1.584400,5812.420000,1.584300,1737.440000,1.584200,45.130000,1.584100,22109.760000,1.585100,22011.370000,1.585300,830.430000,1.585400,5401.200000,1.585500,1414.710000,1.585600,598.550000,1.585700,1187.990000,1.585800,563.060000,1.585900,6927.680000,1.586000,1813.540000,1.586100,1689.450000
1759300078.3736873,179248909382,1.585000,3.780000,1.584900,10.000000,1.584700,3711.630000,1.584600,1127.090000,1.584500,7350.490000,1.584300,1913.170000,1.584200,56.530000,1.584100,10350.540000,1.584000,6188.360000,1.583900,2139.400000,1.585100,39669.240000,1.585200,563.650000,1.585300,824.960000,1.585400,5401.200000,1.585500,7597.690000,1.585600,598.550000,1.585700,1127.090000,1.585800,1946.810000,1.585900,7161.680000,1.586000,429.790000
1759300078.619142,179248912989,1.584900,10.000000,1.584700,2359.540000,1.584500,2796.470000,1.584300,1737.440000,1.584200,73.200000,1.584100,11045.610000,1.584000,14809.130000,1.583900,2139.400000,1.583800,3226.780000,1.583700,2512.000000,1.585000,563.740000,1.585100,50.000000,1.585200,739.380000,1.585300,1157.700000,1.585400,10.570000,1.585500,7536.790000,1.585600,598.550000,1.585700,7890.160000,1.585800,1936.020000,1.585900,19947.820000
1759300078.8663924,179248916274,1.584900,10.000000,1.584700,2359.540000,1.584600,788.350000,1.584500,2796.470000,1.584300,1737.440000,1.584200,73.200000,1.584100,11072.980000,1.584000,12581.430000,1.583900,2139.400000,1.583800,1853.820000,1.585000,32330.300000,1.585100,5429.230000,1.585200,739.380000,1.585300,1157.700000,1.585400,24.260000,1.585500,7536.790000,1.585600,1971.510000,1.585700,2510.930000,1.585800,563.060000,1.585900,19947.820000
1759300079.1255496,179248920362,1.585000,3261.950000,1.584900,563.600000,1.584800,3485.880000,1.584700,2720.690000,1.584600,1127.160000,1.584500,9234.790000,1.584400,5801.020000,1.584300,4311.580000,1.584200,12831.270000,1.584100,1729.770000,1.585100,50.000000,1.585300,18.780000,1.585400,7074.000000,1.585500,608.530000,1.585600,1410.200000,1.585700,1127.090000,1.585800,6743.090000,1.585900,7161.680000,1.586000,490.690000,1.586100,1689.450000
1759300079.407989,179248925008,1.585200,3.470000,1.585100,563.380000,1.585000,10550.030000,1.584900,563.600000,1.584800,1127.700000,1.584700,2854.450000,1.584600,1149.130000,1.584500,9234.790000,1.584400,12194.090000,1.584300,2927.650000,1.585500,608.530000,1.585600,6194.650000,1.585700,1927.890000,1.585800,563.060000,1.585900,7222.580000,1.586000,5809.020000,1.586100,1689.450000,1.586200,1447.600000,1.586300,7532.720000,1.586400,17347.710000
1759300079.6538458,179248928502,1.585300,949.660000,1.585200,10.000000,1.585100,563.380000,1.585000,8748.590000,1.584900,583.600000,1.584800,1127.700000,1.584700,10528.670000,1.584600,1149.130000,1.584500,614.020000,1.584400,12194.090000,1.585400,2472.980000,1.585500,618.530000,1.585600,6194.650000,1.585700,1927.890000,1.585800,5942.290000,1.585900,7222.580000,1.586000,429.790000,1.586100,1689.450000,1.586200,1447.600000,1.586300,7532.720000
1759300079.8992414,179248932145,1.585300,469.740000,1.585200,798.350000,1.585100,563.380000,1.585000,6736.470000,1.584900,600.270000,1.584800,1674.410000,1.584700,1907.900000,1.584600,1149.130000,1.584500,9294.910000,1.584400,12194.090000,1.585400,2472.980000,1.585500,5402.980000,1.585600,1410.200000,1.585700,1927.890000,1.585800,5942.290000,1.585900,7161.680000,1.586000,490.670000,1.586100,1689.450000,1.586200,1447.600000,1.586300,7532.720000
1759300080.1564097,179248935850,1.585100,2279.970000,1.584900,583.600000,1.584800,3310.150000,1.584700,6478.590000,1.584600,1671.140000,1.584500,9234.790000,1.584400,12194.090000,1.584300,2987.770000,1.584200,14215.020000,1.584100,3127.160000,1.585200,21961.370000,1.585300,4784.450000,1.585500,1430.180000,1.585600,1402.070000,1.585700,6528.290000,1.585800,623.940000,1.585900,7161.680000,1.586000,429.790000,1.586100,3062.240000,1.586200,1447.600000
1759300080.4134784,179248939719,1.585100,9117.410000,1.585000,2182.450000,1.584900,600.270000,1.584800,7472.700000,1.584700,10352.940000,1.584600,1127.160000,1.584500,614.020000,1.584400,12194.090000,1.584300,4325.040000,1.584200,12831.270000,1.585200,6.300000,1.585500,2330.990000,1.585600,6194.650000,1.585700,563.580000,1.585800,1377.980000,1.585900,7161.680000,1.586000,5869.900000,1.586100,7068.680000,1.586200,63.850000,1.586300,8905.510000
1759300080.6509686,179248944392,1.585300,8197.080000,1.585200,14438.460000,1.585100,2172.000000,1.585000,8642.740000,1.584900,1727.550000,1.584800,6988.830000,1.584700,1732.170000,1.584600,2535.250000,1.584500,614.020000,1.584400,12194.090000,1.585400,6.300000,1.585500,55.130000,1.585600,35.260000,1.585800,2838.920000,1.585900,563.360000,1.586000,1007.440000,1.586100,1887.150000,1.586200,63.850000,1.586300,12911.950000,1.586400,4561.570000
1759300080.9030817,179248949962,1.585100,1491.620000,1.585000,788.350000,1.584900,1710.200000,1.584800,7134.580000,1.584700,1732.170000,1.584600,9759.330000,1.584500,574.590000,1.584400,5801.020000,1.584300,1726.870000,1.584200,45.130000,1.585500,23953.200000,1.585600,6042.280000,1.585700,574.730000,1.585800,8423.440000,1.585900,563.330000,1.586000,759.020000,1.586100,2498.870000,1.586200,63.850000,1.586300,7532.720000,1.586400,4561.570000
1759300081.154529,179248954842,1.585300,2473.130000,1.585200,3010.790000,1.585100,2279.970000,1.584900,8426.670000,1.584800,15916.220000,1.584700,1759.410000,1.584600,1836.290000,1.584500,564.020000,1.584400,12194.090000,1.584300,1786.980000,1.585500,8461.870000,1.585600,838.780000,1.585700,585.300000,1.585800,1187.400000,1.585900,563.330000,1.586000,993.020000,1.586100,2498.870000,1.586200,5106.480000,1.586300,7532.720000,1.586400,4561.570000
1759300081.4057004,179248956816,1.585400,1813.500000,1.585200,788.350000,1.585100,1491.620000,1.584900,17384.040000,1.584800,7633.830000,1.584700,1732.170000,1.584600,1127.160000,1.584500,564.020000,1.584400,12194.090000,1.584300,1726.870000,1.585500,7625.910000,1.585600,846.910000,1.585700,563.330000,1.585800,1930.040000,1.585900,585.300000,1.586000,1053.900000,1.586100,1126.340000,1.586200,6489.930000,1.586300,7532.720000,1.586400,4561.570000
1759300081.672059,179248963551,1.585400,1813.500000,1.585300,577.050000,1.585200,788.350000,1.585100,1491.620000,1.584900,17400.710000,1.584800,7678.550000,1.584700,1732.170000,1.584600,1361.160000,1.584500,624.130000,1.584400,12194.090000,1.585500,30163.570000,1.585600,5889.540000,1.585700,563.330000,1.585800,1930.040000,1.585900,585.300000,1.586000,1053.900000,1.586100,1126.340000,1.586200,1681.300000,1.586300,7532.720000,1.586400,4561.570000
1759300081.9050367,179248968771,1.585400,7633.610000,1.585300,577.050000,1.585200,15693.840000,1.585100,1508.290000,1.585000,719.700000,1.584900,10647.570000,1.584800,6958.850000,1.584700,1792.280000,1.584600,1361.160000,1.584500,1972.020000,1.585500,16.300000,1.585600,35.260000,1.585800,1374.940000,1.585900,563.330000,1.586000,1562.540000,1.586100,1148.310000,1.586200,358.730000,1.586300,12575.350000,1.586400,4561.570000,1.586500,3067.490000
1759300082.1592057,179248973767,1.585400,5160.790000,1.585300,577.050000,1.585200,1323.860000,1.585100,545.310000,1.584900,10647.570000,1.584800,8342.250000,1.584700,2932.950000,1.584600,15519.830000,1.584500,564.020000,1.584400,5801.020000,1.585500,16.300000,1.585600,35.260000,1.586000,1007.440000,1.586100,1126.340000,1.586200,63.850000,1.586300,13400.840000,1.586400,9604.200000,1.586500,1744.970000,1.586600,1379.610000,1.586700,7504.050000
1759300082.4114594,179248978347,1.585500,563.240000,1.585400,1921.680000,1.585300,577.050000,1.585200,1126.160000,1.585100,545.310000,1.585000,197.700000,1.584900,10682.830000,1.584800,13351.920000,1.584700,2932.950000,1.584600,16903.230000,1.585800,7871.960000,1.586000,195.790000,1.586100,1951.830000,1.586200,5106.480000,1.586300,7593.600000,1.586400,4561.570000,1.586500,1684.090000,1.586600,2763.010000,1.586700,7504.050000,1.586800,6717.510000
1759300082.6596186,179248981931,1.585500,563.240000,1.585400,808.350000,1.585300,577.050000,1.585200,7862.630000,1.585100,545.310000,1.585000,38.640000,1.584900,11387.280000,1.584800,6958.850000,1.584700,1732.170000,1.584600,1421.270000,1.585600,17345.640000,1.585700,7066.610000,1.585800,811.650000,1.585900,6431.370000,1.586000,195.790000,1.586100,1187.220000,1.586200,63.850000,1.586300,7532.720000,1.586400,7317.330000,1.586500,1684.090000
1759300082.9126947,179248986157,1.585900,562.890000,1.585800,562.890000,1.585600,16.670000,1.585500,2348.520000,1.585400,5852.990000,1.585300,577.050000,1.585200,1186.270000,1.585100,545.310000,1.585000,10182.750000,1.584900,14518.330000,1.586000,7060.310000,1.586200,63.850000,1.586300,1168.590000,1.586400,11054.210000,1.586500,1871.210000,1.586600,5110.590000,1.586700,7504.050000,1.586800,78.440000,1.586900,1753.880000,1.587000,207.660000
1759300083.1605117,179248989769,1.586100,1709.900000,1.586000,6736.470000,1.585900,369.580000,1.585800,2203.510000,1.585700,21.970000,1.585600,8957.370000,1.585500,8103.980000,1.585400,7202.940000,1.585300,1961.530000,1.585200,1126.160000,1.586200,63.850000,1.586300,42.820000,1.586400,4561.570000,1.586500,7066.180000,1.586600,7.080000,1.586700,1150.940000,1.586800,5308.190000,1.586900,2381.670000,1.587000,6008.680000,1.587100,1959.890000
1759300083.4049091,179248993339,1.586100,12762.250000,1.585900,17060.060000,1.585800,7549.480000,1.585600,12810.740000,1.585500,2881.710000,1.585400,7202.940000,1.585300,1936.930000,1.585200,1126.160000,1.585100,545.310000,1.584900,2490.700000,1.586200,29.620000,1.586300,42.820000,1.586400,4561.570000,1.586500,5.870000,1.586600,7.080000,1.586700,5362.100000,1.586800,2354.300000,1.586900,7833.970000,1.587000,6030.650000,1.587100,2074.730000
1759300083.6590812,179248996805,1.586100,1709.250000,1.586000,6736.470000,1.585900,11047.870000,1.585800,7489.370000,1.585600,12868.220000,1.585500,9274.780000,1.585400,7238.370000,1.585300,1936.930000,1.585200,1126.160000,1.585100,545.310000,1.586300,20.000000,1.586400,4561.570000,1.586500,5.870000,1.586600,8677.960000,1.586700,589.050000,1.586800,100.850000,1.586900,7309.510000,1.587000,6008.680000,1.587100,1959.890000,1.587200,1194.490000
1759300083.9184752,179248998945,1.586100,1709.250000,1.586000,6736.470000,1.585900,11047.870000,1.585800,7489.370000,1.585600,12903.480000,1.585500,9274.780000,1.585400,7238.370000,1.585300,8244.880000,1.585200,1126.160000,1.585100,545.310000,1.586400,4536.390000,1.586500,5.870000,1.586600,8677.960000,1.586700,589.050000,1.586800,5143.480000,1.586900,2266.880000,1.587000,6008.680000,1.587100,1959.890000,1.587200,1194.490000,1.587300,803.270000
1759300084.193836,179249003944,1.586200,6.300000,1.586100,1702.950000,1.586000,6736.470000,1.585900,11047.870000,1.585800,7489.370000,1.585600,13137.480000,1.585500,9274.780000,1.585400,7238.370000,1.585300,8244.880000,1.585200,1126.160000,1.586400,4536.390000,1.586500,5.870000,1.586600,8677.960000,1.586700,589.050000,1.586800,5143.480000,1.586900,2266.880000,1.587000,6008.680000,1.587100,1959.890000,1.587200,1194.490000,1.587300,803.270000
1759300084.5179899,179249009045,1.586300,1153.530000,1.586200,10.000000,1.586100,1722.950000,1.586000,6736.470000,1.585900,11047.870000,1.585800,7489.370000,1.585600,13137.480000,1.585500,9274.780000,1.585400,7208.370000,1.585300,8244.880000,1.586400,4532.690000,1.586500,5.870000,1.586600,8677.960000,1.586700,589.050000,1.586800,5143.480000,1.586900,2266.880000,1.587000,6008.680000,1.587100,1959.890000,1.587200,1194.490000,1.587300,803.270000
1759300084.902672,179249016191,1.586700,7863.850000,1.586600,5801.020000,1.586500,1880.810000,1.586400,8957.370000,1.586300,2226.490000,1.586200,6290.420000,1.586100,16222.950000,1.585900,9281.500000,1.585800,10306.790000,1.585600,13095.400000,1.586800,78.440000,1.586900,66.230000,1.587000,207.660000,1.587100,211.250000,1.587200,7713.990000,1.587300,7.090000,1.587400,631.190000,1.587500,1952.060000,1.587600,286.770000,1.587700,1755.930000
1759300085.1711166,179249020160,1.586800,3618.030000,1.586700,17862.740000,1.586600,5817.690000,1.586500,1880.810000,1.586300,1715.860000,1.586200,6290.420000,1.586100,16233.520000,1.585900,9281.500000,1.585800,10306.790000,1.585600,13095.400000,1.586900,66.230000,1.587000,207.660000,1.587100,211.250000,1.587200,7713.990000,1.587300,7.090000,1.587400,631.190000,1.587500,1952.060000,1.587600,286.770000,1.587700,1755.930000,1.587800,1159.960000
1759300085.4372027,179249024018,1.586900,3617.710000,1.586800,1606.300000,1.586700,16256.440000,1.586600,5817.690000,1.586500,1880.810000,1.586400,960.000000,1.586300,1715.860000,1.586200,6320.550000,1.586100,16233.520000,1.585900,9281.500000,1.587000,207.660000,1.587100,211.250000,1.587200,7713.990000,1.587300,7.090000,1.587400,631.190000,1.587500,1952.060000,1.587600,286.770000,1.587700,1755.930000,1.587800,1159.960000,1.587900,5838.940000
1759300085.752191,179249028766,1.587000,6.300000,1.586900,3.780000,1.586800,1611.400000,1.586700,7309.640000,1.586600,14775.060000,1.586500,2090.590000,1.586400,960.000000,1.586300,8154.760000,1.586200,6320.550000,1.586100,16283.060000,1.587200,7179.060000,1.587300,7.090000,1.587400,631.190000,1.587500,1952.060000,1.587600,286.770000,1.587700,1755.930000,1.587800,1159.960000,1.587900,5838.940000,1.588000,7196.330000,1.588100,3666.090000
1759300086.0026364,179249033232,1.587200,5182.720000,1.587100,590.310000,1.587000,7318.650000,1.586900,1797.380000,1.586800,27.370000,1.586700,10655.340000,1.586600,5811.590000,1.586500,1747.850000,1.586400,984.600000,1.586300,20930.330000,1.587300,7.090000,1.587400,46.410000,1.587500,5660.970000,1.587600,2562.630000,1.587700,1132.740000,1.587800,1182.370000,1.587900,6402.680000,1.588000,6951.330000,1.588100,909.640000,1.588200,30.130000
1759300086.2552862,179249034296,1.587200,5189.020000,1.587100,594.010000,1.587000,7318.650000,1.586900,1797.380000,1.586800,8984.740000,1.586700,1697.970000,1.586600,5811.590000,1.586500,1747.850000,1.586400,984.600000,1.586300,20930.330000,1.587300,7.090000,1.587400,46.410000,1.587500,5660.970000,1.587600,2562.630000,1.587700,1132.740000,1.587800,1182.370000,1.587900,6402.680000,1.588000,6951.330000,1.588100,909.640000,1.588200,30.130000
1759300086.535066,179249041403,1.586300,9594.750000,1.586200,498.130000,1.586100,1702.950000,1.585900,8080.720000,1.585800,20338.560000,1.585600,309.260000,1.585500,1680.930000,1.585400,5838.840000,1.585300,8871.880000,1.585200,1884.220000,1.587100,9122.360000,1.587200,10843.650000,1.587300,1724.530000,1.587400,608.530000,1.587500,2025.890000,1.587600,6087.790000,1.587700,1694.760000,1.587800,1159.960000,1.587900,562.310000,1.588000,6951.330000
1759300086.7743104,179249044875,1.586300,2718.800000,1.586200,2212.580000,1.586100,6256.970000,1.586000,11.400000,1.585900,10820.740000,1.585800,7489.370000,1.585600,269.260000,1.585500,1680.930000,1.585400,12231.910000,1.585300,23603.550000,1.586400,521.280000,1.586600,1610.570000,1.586700,2838.110000,1.586800,22.410000,1.586900,1359.990000,1.587100,7757.140000,1.587200,5804.800000,1.587300,1693.810000,1.587400,842.530000,1.587500,2001.200000
1759300087.0301206,179249048347,1.586300,5191.070000,1.586200,2212.580000,1.586100,1702.950000,1.586000,55.440000,1.585900,10820.740000,1.585800,7489.370000,1.585600,269.260000,1.585500,1741.040000,1.585400,12256.510000,1.585300,24972.480000,1.586600,471.280000,1.586700,7622.560000,1.586800,1610.570000,1.586900,562.250000,1.587000,22.410000,1.587100,8494.000000,1.587200,5804.800000,1.587300,1754.690000,1.587400,842.530000,1.587500,2001.200000
1759300087.33913,179249052464,1.586400,1967.860000,1.586300,4043.840000,1.586200,6766.600000,1.586100,1702.950000,1.586000,9012.810000,1.585900,1863.370000,1.585800,13882.440000,1.585600,269.260000,1.585500,1741.040000,1.585400,5863.440000,1.586600,476.650000,1.586700,7622.560000,1.586800,1600.000000,1.586900,562.250000,1.587000,22.410000,1.587100,8494.000000,1.587200,5804.800000,1.587300,1754.690000,1.587400,842.530000,1.587500,2001.200000
1759300087.5892184,179249055224,1.586400,4446.280000,1.586300,1591.570000,1.586200,6766.600000,1.586100,1702.950000,1.586000,9012.810000,1.585900,1863.370000,1.585800,7489.370000,1.585600,269.260000,1.585500,8134.110000,1.585400,5863.440000,1.586500,15627.770000,1.586600,496.650000,1.586700,12665.190000,1.586800,1600.000000,1.586900,562.250000,1.587000,22.410000,1.587100,3451.370000,1.587200,5804.800000,1.587300,1754.690000,1.587400,842.530000
1759300087.8766124,179249059754,1.586500,1982.860000,1.586400,6.300000,1.586300,1601.570000,1.586200,6766.600000,1.586100,1702.950000,1.586000,55.440000,1.585900,10820.740000,1.585800,7489.370000,1.585600,269.260000,1.585500,8134.110000,1.586600,506.650000,1.586700,7622.560000,1.586800,1600.000000,1.586900,562.250000,1.587000,22.410000,1.587100,8494.000000,1.587200,5804.800000,1.587300,1754.690000,1.587400,842.530000,1.587500,2235.200000
1759300088.1340191,179249064724,1.586300,65.260000,1.586200,30.130000,1.586100,15.000000,1.585600,35.260000,1.585500,3874.780000,1.585400,9170.910000,1.585300,8264.340000,1.585200,1126.160000,1.585100,614.400000,1.584900,8610.530000,1.586400,33982.400000,1.586600,1227.420000,1.586700,6373.840000,1.586800,1125.460000,1.586900,1933.830000,1.587000,1382.440000,1.587100,2631.660000,1.587200,5804.800000,1.587300,8149.880000,1.587400,7235.600000
1759300088.390406,179249070739,1.585600,39.040000,1.585500,30.130000,1.585400,37.820000,1.585300,6307.950000,1.585100,7350.870000,1.584900,10710.900000,1.584800,1394.640000,1.584700,578.880000,1.584600,1137.670000,1.584500,624.130000,1.585700,36125.880000,1.585800,200.410000,1.585900,1750.790000,1.586000,1357.810000,1.586100,574.570000,1.586300,7836.750000,1.586400,1660.450000,1.586500,9652.990000,1.586600,13941.280000,1.586700,6363.270000
1759300088.654879,179249074834,1.585400,1967.860000,1.585300,6103.720000,1.585100,2796.850000,1.584900,1753.530000,1.584800,1394.640000,1.584700,578.880000,1.584600,1127.160000,1.584500,9581.500000,1.584400,5820.010000,1.584300,1767.810000,1.585500,2140.980000,1.585700,1189.210000,1.585800,200.410000,1.585900,7555.590000,1.586000,1357.810000,1.586100,574.570000,1.586200,30.130000,1.586300,12914.640000,1.586400,8047.220000,1.586500,9716.020000
1759300088.9012542,179249078409,1.585500,2473.680000,1.585400,1509.440000,1.585300,12840.190000,1.585200,8968.770000,1.585100,1757.380000,1.585000,220.440000,1.584900,1725.460000,1.584800,6999.300000,1.584700,638.990000,1.584600,7520.230000,1.585700,288.050000,1.585900,3409.990000,1.586000,1921.700000,1.586100,587.860000,1.586200,101.580000,1.586300,12941.040000,1.586400,1654.150000,1.586500,567.360000,1.586600,1155.140000,1.586700,6363.270000
1759300089.157884,179249082854,1.585300,6103.720000,1.585200,8957.370000,1.585100,614.400000,1.584900,1725.460000,1.584800,7233.300000,1.584700,13365.020000,1.584600,7520.230000,1.584500,564.020000,1.584400,5820.010000,1.584300,1743.210000,1.585500,16.330000,1.585600,18521.180000,1.585700,2275.860000,1.585800,6642.630000,1.585900,6176.760000,1.586000,1932.270000,1.586100,574.570000,1.586200,91.010000,1.586300,7887.010000,1.586400,1654.150000
1759300089.415732,179249086845,1.585300,6069.060000,1.585100,614.400000,1.585000,6736.470000,1.584900,10682.830000,1.584800,7243.240000,1.584700,13596.860000,1.584600,7520.230000,1.584500,564.020000,1.584400,5880.120000,1.584300,1743.210000,1.585400,22906.620000,1.585500,2865.650000,1.585600,2169.540000,1.585700,5882.780000,1.585800,21.970000,1.585900,1758.280000,1.586000,1126.240000,1.586100,797.170000,1.586200,30.130000,1.586300,7887.010000
1759300089.657516,179249090903,1.585300,8036.920000,1.585100,614.400000,1.585000,15693.840000,1.584900,1725.460000,1.584800,7009.240000,1.584700,810.720000,1.584600,1127.160000,1.584500,564.020000,1.584400,5880.120000,1.584300,8136.280000,1.585400,22912.920000,1.585500,4449.320000,1.585600,563.240000,1.585700,5882.780000,1.585800,21.970000,1.585900,1758.280000,1.586000,1126.240000,1.586100,797.170000,1.586200,30.130000,1.586300,14280.080000
1759300089.9300818,179249095050,1.585300,10160.340000,1.585200,4554.020000,1.585100,614.400000,1.585000,28.070000,1.584900,10903.270000,1.584800,6992.570000,1.584700,6971.950000,1.584600,1187.270000,1.584500,564.020000,1.584400,18630.750000,1.585400,2478.410000,1.585500,10.000000,1.585600,563.240000,1.585700,20.000000,1.585800,6384.450000,1.585900,2517.550000,1.586000,1148.210000,1.586100,858.050000,1.586200,5072.760000,1.586300,7887.010000
1759300090.1851137,179249098315,1.585300,19681.020000,1.585200,6736.470000,1.585100,614.400000,1.585000,16.670000,1.584900,1945.900000,1.584800,7003.970000,1.584700,6971.950000,1.584600,1187.270000,1.584500,564.020000,1.584400,18630.750000,1.585400,2478.410000,1.585500,464.690000,1.585600,563.290000,1.585700,1620.000000,1.585800,7071.710000,1.585900,2517.550000,1.586000,1126.240000,1.586100,858.050000,1.586200,5072.760000,1.586300,7887.010000
1759300090.455681,179249102421,1.585300,9576.420000,1.585200,6736.470000,1.585100,614.400000,1.585000,8978.040000,1.584900,1945.900000,1.584800,7003.970000,1.584700,6971.950000,1.584600,1187.270000,1.584500,798.020000,1.584400,18630.750000,1.585400,22923.490000,1.585500,464.690000,1.585600,9223.600000,1.585700,20.000000,1.585800,5064.600000,1.585900,8318.570000,1.586000,1126.240000,1.586100,858.050000,1.586200,30.130000,1.586300,7887.010000
1759300090.7129033,179249106696,1.585300,9280.350000,1.585100,9571.770000,1.585000,2203.120000,1.584900,1945.900000,1.584800,7003.970000,1.584700,6971.950000,1.584600,1187.270000,1.584500,1032.020000,1.584400,18630.750000,1.584300,1743.210000,1.585400,2488.980000,1.585500,464.690000,1.585600,7623.600000,1.585700,1620.000000,1.585800,5064.600000,1.585900,8318.570000,1.586000,1126.240000,1.586100,858.050000,1.586200,30.130000,1.586300,7887.010000
1759300090.9640832,179249110484,1.585300,9280.350000,1.585200,8957.370000,1.585100,7350.870000,1.585000,20.670000,1.584900,1945.900000,1.584800,7003.970000,1.584700,6971.950000,1.584600,1187.270000,1.584500,1032.020000,1.584400,18630.750000,1.585400,2406.370000,1.585500,484.690000,1.585600,7623.600000,1.585700,1600.000000,1.585800,5064.600000,1.585900,8318.570000,1.586000,1126.240000,1.586100,858.050000,1.586200,30.130000,1.586300,7887.010000
1759300091.231709,179249115386,1.585300,6734.980000,1.585100,7350.870000,1.585000,4.000000,1.584900,10682.830000,1.584800,7009.240000,1.584700,810.720000,1.584600,1127.160000,1.584500,7425.090000,1.584400,5880.120000,1.584300,1743.210000,1.585400,22694.770000,1.585500,2193.400000,1.585600,563.290000,1.585700,187.120000,1.585800,5053.200000,1.585900,7498.420000,1.586000,1126.240000,1.586100,797.170000,1.586200,30.130000,1.586300,7887.010000
1759300091.5290532,179249119627,1.585300,6671.910000,1.585100,7350.870000,1.585000,4.000000,1.584900,10682.830000,1.584800,7009.240000,1.584700,810.720000,1.584600,1127.160000,1.584500,7425.090000,1.584400,5880.120000,1.584300,1743.210000,1.585400,20440.810000,1.585500,2193.400000,1.585600,7623.600000,1.585700,187.120000,1.585800,5053.200000,1.585900,7498.420000,1.586000,1126.240000,1.586100,797.170000,1.586200,30.130000,1.586300,7887.010000
1759300091.7998316,179249122499,1.585300,4716.190000,1.585100,7350.870000,1.585000,10.300000,1.584900,10682.830000,1.584800,7009.240000,1.584700,810.720000,1.584600,1127.160000,1.584500,7425.090000,1.584400,5880.120000,1.584300,1743.210000,1.585400,20432.810000,1.585500,2193.400000,1.585600,7623.600000,1.585700,187.120000,1.585800,5053.200000,1.585900,7498.420000,1.586000,1126.240000,1.586100,797.170000,1.586200,30.130000,1.586300,7887.010000
1759300092.0698066,179249127765,1.585300,3288.090000,1.585100,7350.870000,1.585000,246.140000,1.584900,10682.830000,1.584800,6992.570000,1.584700,638.990000,1.584600,7520.230000,1.584500,7449.690000,1.584400,5820.010000,1.584300,4499.230000,1.585500,40.570000,1.585600,7515.000000,1.585800,6642.630000,1.585900,8142.850000,1.586000,1318.600000,1.586100,880.020000,1.586200,30.130000,1.586300,7887.010000,1.586400,1888.150000,1.586500,191.740000
1759300092.3182328,179249131074,1.585300,2341.900000,1.585100,5168.420000,1.585000,2196.750000,1.584900,10682.830000,1.584800,7190.260000,1.584700,578.880000,1.584600,7520.230000,1.584500,7425.090000,1.584400,12213.080000,1.584300,1743.210000,1.585400,15030.890000,1.585600,3875.860000,1.585700,563.260000,1.585800,5901.390000,1.585900,6935.150000,1.586000,1187.120000,1.586100,797.170000,1.586200,30.130000,1.586300,7887.010000,1.586400,1888.150000
1759300092.6594248,179249136678,1.585300,1778.440000,1.585200,30.000000,1.585100,69.090000,1.585000,14.300000,1.584900,598.860000,1.584800,63.850000,1.584700,589.450000,1.584600,1127.160000,1.584500,14554.810000,1.584400,5995.730000,1.585400,23769.980000,1.585500,30.000000,1.585600,1504.240000,1.585700,563.260000,1.585800,563.440000,1.585900,6935.150000,1.586000,1126.240000,1.586100,797.170000,1.586200,158.840000,1.586300,10643.120000
1759300092.9124086,179249142293,1.584900,1997.860000,1.584800,11.400000,1.584700,2756.970000,1.584500,1559.190000,1.584400,194.710000,1.584300,1743.210000,1.584200,9047.610000,1.584100,10687.140000,1.584000,7466.810000,1.583900,1700.420000,1.585200,454.690000,1.585300,2839.740000,1.585400,3290.650000,1.585500,5861.150000,1.585600,1362.620000,1.585700,814.140000,1.585800,5617.470000,1.585900,6945.720000,1.586000,1126.240000,1.586100,797.170000
1759300093.1661117,179249146640,1.584800,3.780000,1.584700,7300.420000,1.584600,11.400000,1.584500,2693.100000,1.584400,194.710000,1.584300,1743.210000,1.584200,90.240000,1.584100,10687.140000,1.584000,13859.880000,1.583900,1700.420000,1.585200,25935.550000,1.585300,14830.490000,1.585400,1690.650000,1.585500,5861.150000,1.585600,1687.480000,1.585700,563.260000,1.585800,563.440000,1.585900,6935.150000,1.586000,1126.240000,1.586100,797.170000
1759300093.4265628,179249150198,1.584900,6.300000,1.584800,3.780000,1.584700,7300.420000,1.584600,11.400000,1.584500,2693.100000,1.584400,194.710000,1.584300,1743.210000,1.584200,90.240000,1.584100,10921.140000,1.584000,13859.880000,1.585000,9925.780000,1.585200,6642.630000,1.585300,8187.860000,1.585400,1729.710000,1.585500,6155.590000,1.585600,1748.360000,1.585700,563.260000,1.585800,563.440000,1.585900,6935.150000,1.586000,7519.310000
1759300093.6897826,179249154186,1.584800,2473.270000,1.584700,7298.500000,1.584500,2665.730000,1.584400,206.110000,1.584300,1743.210000,1.584200,9047.610000,1.584100,1963.770000,1.584000,13859.880000,1.583900,1700.420000,1.583800,13578.450000,1.584900,15.000000,1.585000,20887.500000,1.585100,3.780000,1.585200,6642.630000,1.585300,8187.860000,1.585400,1740.280000,1.585500,6182.950000,1.585600,1737.790000,1.585700,563.260000,1.585800,563.440000
1759300094.0052788,179249156753,1.584800,5373.560000,1.584700,7298.500000,1.584500,2665.730000,1.584400,9163.480000,1.584300,1743.210000,1.584200,90.240000,1.584100,1963.770000,1.584000,13859.880000,1.583900,1700.420000,1.583800,13578.450000,1.584900,15.000000,1.585000,454.690000,1.585100,3.780000,1.585200,1600.000000,1.585300,8187.860000,1.585400,6782.910000,1.585500,6182.950000,1.585600,1737.790000,1.585700,563.260000,1.585800,797.440000
1759300094.2846918,179249162582,1.585200,2900.290000,1.585100,577.370000,1.585000,11.340000,1.584900,563.670000,1.584800,1619.790000,1.584700,562.030000,1.584600,8957.370000,1.584500,21285.080000,1.584400,6412.060000,1.584300,1767.810000,1.585300,7.560000,1.585400,151.620000,1.585500,30.130000,1.585600,6998.220000,1.585700,563.260000,1.585800,5616.640000,1.585900,7122.270000,1.586000,1126.240000,1.586100,563.170000,1.586200,2883.870000
1759300094.5413158,179249165608,1.585200,5352.780000,1.585100,7313.840000,1.585000,7.560000,1.584900,563.670000,1.584800,1619.790000,1.584700,577.030000,1.584600,8957.370000,1.584500,21285.080000,1.584400,6412.060000,1.584300,1767.810000,1.585300,13.860000,1.585400,151.620000,1.585500,30.130000,1.585600,6998.220000,1.585700,2839.120000,1.585800,5616.640000,1.585900,7122.270000,1.586000,1126.240000,1.586100,563.170000,1.586200,2883.870000
1759300094.9963028,179249173077,1.585200,1947.860000,1.585100,13.700000,1.585000,7.560000,1.584900,563.670000,1.584800,5681.290000,1.584700,2759.480000,1.584600,8979.340000,1.584500,20748.850000,1.584400,6472.940000,1.584300,1743.210000,1.585300,23502.540000,1.585400,8670.310000,1.585500,644.060000,1.585600,6456.810000,1.585700,1137.270000,1.585800,563.440000,1.585900,6935.150000,1.586000,1126.240000,1.586100,563.170000,1.586200,126.890000
1759300095.263007,179249177844,1.585200,2899.690000,1.585100,577.170000,1.585000,4561.580000,1.584900,6364.690000,1.584800,10095.210000,1.584700,1083.670000,1.584600,60.880000,1.584500,20278.300000,1.584400,6472.170000,1.584300,1743.210000,1.585400,10.000000,1.585500,593.600000,1.585600,613.770000,1.585700,2726.700000,1.585800,563.440000,1.585900,7132.840000,1.586000,1126.240000,1.586100,563.170000,1.586200,5169.520000,1.586300,7887.010000
1759300095.5717704,179249182618,1.585300,1770.930000,1.585200,952.550000,1.585100,5131.190000,1.585000,11147.380000,1.584900,6364.690000,1.584800,1137.840000,1.584700,1066.320000,1.584600,6453.950000,1.584500,20338.400000,1.584400,18.990000,1.585400,20811.360000,1.585500,593.600000,1.585600,7674.080000,1.585700,2726.700000,1.585800,5645.130000,1.585900,7435.730000,1.586000,1126.240000,1.586100,563.170000,1.586200,126.890000,1.586300,7887.010000
1759300095.8237946,179249185802,1.585300,1777.230000,1.585200,946.250000,1.585100,5131.190000,1.585000,11143.600000,1.584900,6414.690000,1.584800,1155.180000,1.584700,1066.320000,1.584600,6453.950000,1.584500,20572.400000,1.584400,18.990000,1.585400,23283.690000,1.585500,593.600000,1.585600,9274.080000,1.585700,1126.700000,1.585800,5645.130000,1.585900,7757.530000,1.586000,1126.240000,1.586100,563.170000,1.586200,126.890000,1.586300,7887.010000
1759300096.0899267,179249189629,1.585300,1760.480000,1.585200,973.810000,1.585100,5131.190000,1.585000,11143.600000,1.584900,6414.690000,1.584800,1155.180000,1.584700,1066.320000,1.584600,6453.950000,1.584500,20572.400000,1.584400,18.990000,1.585400,23273.690000,1.585500,623.600000,1.585600,9274.080000,1.585700,1126.700000,1.585800,5645.130000,1.585900,7757.530000,1.586000,1126.240000,1.586100,563.170000,1.586200,126.890000,1.586300,7887.010000
1759300096.3648293,179249192785,1.585300,3219.160000,1.585200,981.370000,1.585100,7313.640000,1.585000,10083.890000,1.584900,6612.380000,1.584800,1127.270000,1.584700,577.030000,1.584600,6393.070000,1.584500,20512.300000,1.584400,3975.880000,1.585400,2472.330000,1.585500,201.750000,1.585600,100.260000,1.585700,9223.640000,1.585800,5042.630000,1.585900,6996.180000,1.586000,1926.650000,1.586100,563.170000,1.586200,63.850000,1.586300,7887.010000
1759300096.6982555,179249198102,1.585800,1735.710000,1.585700,6154.020000,1.585600,563.310000,1.585500,1126.560000,1.585400,14758.390000,1.585300,2201.980000,1.585200,981.370000,1.585100,1774.720000,1.585000,8791.870000,1.584900,6449.950000,1.585900,20844.140000,1.586000,10.570000,1.586100,574.320000,1.586200,63.850000,1.586300,1202.030000,1.586400,1188.840000,1.586500,6168.440000,1.586600,562.600000,1.586700,1125.270000,1.586800,3983.730000
1759300096.9537575,179249201482,1.585800,4185.720000,1.585700,6154.020000,1.585600,570.870000,1.585500,12266.380000,1.585400,5801.020000,1.585300,2191.900000,1.585200,13752.390000,1.585100,1786.120000,1.585000,8780.470000,1.584900,6449.950000,1.585900,112.180000,1.586100,2838.870000,1.586200,4870.270000,1.586300,1135.610000,1.586400,591.510000,1.586500,1125.810000,1.586600,562.600000,1.586700,1125.270000,1.586800,2576.080000,1.586900,5881.010000
1759300097.272122,179249205904,1.585800,13.860000,1.585600,7.560000,1.585500,1600.000000,1.585300,1696.670000,1.585200,20.000000,1.585100,1703.270000,1.585000,1877.720000,1.584900,6449.950000,1.584800,1218.280000,1.584700,9657.600000,1.585900,31942.650000,1.586000,187.120000,1.586100,5616.210000,1.586200,1190.010000,1.586300,959.890000,1.586400,591.510000,1.586500,2497.990000,1.586600,562.600000,1.586700,1125.270000,1.586800,1332.610000
1759300097.5439558,179249209412,1.585800,2478.410000,1.585700,10.000000,1.585600,7.560000,1.585500,1600.000000,1.585300,8433.140000,1.585200,20.000000,1.585100,10660.640000,1.585000,1877.720000,1.584900,6449.950000,1.584800,14004.420000,1.585900,28986.260000,1.586000,197.120000,1.586100,5616.210000,1.586200,1190.010000,1.586300,959.890000,1.586400,591.510000,1.586500,2497.990000,1.586600,562.600000,1.586700,1125.270000,1.586800,1332.610000
1759300097.8403544,179249213643,1.585800,4346.270000,1.585700,30.000000,1.585600,7.560000,1.585500,1600.000000,1.585300,8433.140000,1.585200,8957.370000,1.585100,1703.270000,1.585000,8095.070000,1.584900,6449.950000,1.584800,14004.420000,1.585900,7623.410000,1.586000,10.000000,1.586100,757.670000,1.586200,1200.580000,1.586300,959.890000,1.586400,591.510000,1.586500,2497.990000,1.586600,6988.280000,1.586700,1125.270000,1.586800,1332.610000
1759300098.1817884,179249218046,1.585800,2384.710000,1.585700,30.000000,1.585600,7.560000,1.585400,8957.370000,1.585300,14144.220000,1.585100,1703.270000,1.585000,7541.560000,1.584900,6449.950000,1.584800,14323.930000,1.584700,577.030000,1.585900,31010.230000,1.586000,10.000000,1.586100,5806.980000,1.586200,1200.580000,1.586300,3715.120000,1.586400,591.510000,1.586500,1125.810000,1.586600,625.620000,1.586700,1125.270000,1.586800,1332.610000
