unix_timestamp,lastUpdateId,bid_price_0,bid_qty_0,bid_price_1,bid_qty_1,bid_price_2,bid_qty_2,bid_price_3,bid_qty_3,bid_price_4,bid_qty_4,bid_price_5,bid_qty_5,bid_price_6,bid_qty_6,bid_price_7,bid_qty_7,bid_price_8,bid_qty_8,bid_price_9,bid_qty_9,ask_price_0,ask_qty_0,ask_price_1,ask_qty_1,ask_price_2,ask_qty_2,ask_price_3,ask_qty_3,ask_price_4,ask_qty_4,ask_price_5,ask_qty_5,ask_price_6,ask_qty_6,ask_price_7,ask_qty_7,ask_price_8,ask_qty_8,ask_price_9,ask_qty_9
1759266162.2588618,178742093913,1009.900000,6.340000,1009.800000,36.810000,1009.700000,101.990000,1009.600000,27.910000,1009.500000,139.500000,1009.400000,77.930000,1009.300000,116.340000,1009.200000,29.100000,1009.100000,0.570000,1009.000000,0.980000,1010.000000,9.940000,1010.100000,15.170000,1010.200000,86.360000,1010.300000,93.360000,1010.400000,17.740000,1010.500000,90.190000,1010.600000,12.550000,1010.700000,101.770000,1010.800000,28.270000,1010.900000,127.380000
1759266166.5561938,178742155404,1009.900000,90.420000,1009.800000,119.550000,1009.700000,20.780000,1009.600000,110.240000,1009.500000,57.010000,1009.400000,80.400000,1009.300000,30.540000,1009.200000,29.100000,1009.100000,0.570000,1009.000000,0.980000,1010.000000,1.180000,1010.100000,3.720000,1010.200000,89.800000,1010.300000,30.530000,1010.400000,17.770000,1010.500000,95.880000,1010.600000,12.550000,1010.700000,88.040000,1010.800000,8.790000,1010.900000,209.690000
1759266167.121014,178742164805,1009.900000,90.080000,1009.800000,119.550000,1009.700000,20.780000,1009.600000,110.240000,1009.500000,57.010000,1009.400000,80.400000,1009.300000,30.540000,1009.200000,29.100000,1009.100000,0.570000,1009.000000,0.980000,1010.000000,1.180000,1010.100000,3.720000,1010.200000,89.800000,1010.300000,30.530000,1010.400000,17.770000,1010.500000,95.880000,1010.600000,12.550000,1010.700000,88.040000,1010.800000,8.790000,1010.900000,209.690000
1759266168.653086,178742185072,1009.900000,90.440000,1009.800000,119.550000,1009.700000,20.780000,1009.600000,110.240000,1009.500000,57.010000,1009.400000,80.400000,1009.300000,30.540000,1009.200000,29.100000,1009.100000,0.570000,1009.000000,0.980000,1010.000000,1.180000,1010.100000,3.990000,1010.200000,89.530000,1010.300000,30.530000,1010.400000,17.770000,1010.500000,95.880000,1010.600000,12.550000,1010.700000,88.040000,1010.800000,8.790000,1010.900000,209.690000
1759266168.9858422,178742191810,1009.900000,90.440000,1009.800000,119.560000,1009.700000,20.780000,1009.600000,110.240000,1009.500000,57.010000,1009.400000,80.400000,1009.300000,30.540000,1009.200000,29.100000,1009.100000,0.570000,1009.000000,0.980000,1010.000000,2.170000,1010.100000,4.000000,1010.200000,89.530000,1010.300000,30.530000,1010.400000,17.770000,1010.500000,95.880000,1010.600000,12.550000,1010.700000,88.040000,1010.800000,8.790000,1010.900000,209.690000
1759266169.2734137,178742196199,1009.900000,90.220000,1009.800000,119.560000,1009.700000,20.780000,1009.600000,110.240000,1009.500000,57.010000,1009.400000,80.400000,1009.300000,30.540000,1009.200000,29.100000,1009.100000,0.570000,1009.000000,0.980000,1010.000000,0.640000,1010.100000,4.000000,1010.200000,89.530000,1010.300000,30.530000,1010.400000,17.770000,1010.500000,95.880000,1010.600000,12.550000,1010.700000,88.040000,1010.800000,8.790000,1010.900000,209.690000
1759266169.6226742,178742200955,1009.900000,90.720000,1009.800000,119.560000,1009.700000,20.750000,1009.600000,110.210000,1009.500000,57.010000,1009.400000,80.400000,1009.300000,30.540000,1009.200000,29.100000,1009.100000,0.570000,1009.000000,0.980000,1010.000000,1.630000,1010.100000,4.000000,1010.200000,89.500000,1010.300000,30.530000,1010.400000,17.740000,1010.500000,95.880000,1010.600000,12.550000,1010.700000,88.040000,1010.800000,8.790000,1010.900000,209.690000
1759266169.957578,178742203502,1009.900000,90.720000,1009.800000,119.560000,1009.700000,20.750000,1009.600000,109.710000,1009.500000,56.020000,1009.400000,76.940000,1009.300000,30.540000,1009.200000,29.100000,1009.100000,0.570000,1009.000000,0.980000,1010.000000,1.580000,1010.100000,4.000000,1010.200000,89.500000,1010.300000,30.530000,1010.400000,17.740000,1010.500000,95.880000,1010.600000,12.050000,1010.700000,87.050000,1010.800000,5.330000,1010.900000,209.690000
1759266170.233253,178742206845,1009.900000,90.760000,1009.800000,119.560000,1009.700000,20.750000,1009.600000,109.710000,1009.500000,56.020000,1009.400000,76.940000,1009.300000,30.540000,1009.200000,29.100000,1009.100000,0.570000,1009.000000,0.980000,1010.000000,1.580000,1010.100000,4.000000,1010.200000,89.500000,1010.300000,30.530000,1010.400000,17.740000,1010.500000,95.880000,1010.600000,12.050000,1010.700000,87.050000,1010.800000,5.330000,1010.900000,209.690000
1759266170.609097,178742215277,1009.900000,90.940000,1009.800000,119.560000,1009.700000,20.780000,1009.600000,109.740000,1009.500000,56.020000,1009.400000,76.940000,1009.300000,30.540000,1009.200000,29.100000,1009.100000,0.570000,1009.000000,0.980000,1010.000000,1.580000,1010.100000,4.270000,1010.200000,89.260000,1010.300000,30.530000,1010.400000,17.740000,1010.500000,95.880000,1010.600000,12.050000,1010.700000,87.050000,1010.800000,5.330000,1010.900000,209.690000
1759266170.8998241,178742218920,1009.900000,3.360000,1009.800000,5.620000,1009.700000,98.160000,1009.600000,15.920000,1009.500000,120.030000,1009.400000,111.270000,1009.300000,112.870000,1009.200000,14.250000,1009.100000,0.570000,1009.000000,20.460000,1010.000000,46.080000,1010.100000,21.100000,1010.200000,86.400000,1010.300000,104.680000,1010.400000,17.580000,1010.500000,90.200000,1010.600000,12.050000,1010.700000,100.340000,1010.800000,5.330000,1010.900000,127.380000
1759266171.1605701,178742222458,1009.900000,2.990000,1009.800000,1.620000,1009.700000,16.920000,1009.600000,108.680000,1009.500000,139.510000,1009.400000,111.270000,1009.300000,112.870000,1009.200000,14.250000,1009.100000,0.570000,1009.000000,0.980000,1010.000000,10.310000,1010.100000,21.600000,1010.200000,156.750000,1010.300000,30.340000,1010.400000,17.580000,1010.500000,90.200000,1010.600000,12.050000,1010.700000,100.340000,1010.800000,5.330000,1010.900000,127.380000
1759266171.4344451,178742224942,1009.900000,1.900000,1009.800000,2.240000,1009.700000,16.920000,1009.600000,108.680000,1009.500000,139.510000,1009.400000,111.270000,1009.300000,112.870000,1009.200000,14.250000,1009.100000,0.570000,1009.000000,0.980000,1010.000000,10.310000,1010.100000,21.600000,1010.200000,160.750000,1010.300000,30.340000,1010.400000,18.570000,1010.500000,90.200000,1010.600000,12.050000,1010.700000,100.340000,1010.800000,5.330000,1010.900000,127.380000
1759266171.7098224,178742229828,1009.900000,0.710000,1009.800000,13.240000,1009.700000,5.920000,1009.600000,108.690000,1009.500000,139.500000,1009.400000,111.270000,1009.300000,112.870000,1009.200000,14.250000,1009.100000,0.570000,1009.000000,0.980000,1010.000000,10.540000,1010.100000,19.170000,1010.200000,160.750000,1010.300000,30.340000,1010.400000,18.570000,1010.500000,90.190000,1010.600000,12.060000,1010.700000,100.340000,1010.800000,5.330000,1010.900000,127.380000
1759266171.9789033,178742235147,1009.900000,0.720000,1009.800000,17.240000,1009.700000,5.920000,1009.600000,27.440000,1009.500000,139.500000,1009.400000,111.270000,1009.300000,112.870000,1009.200000,14.250000,1009.100000,0.570000,1009.000000,0.980000,1010.000000,4.720000,1010.100000,21.410000,1010.200000,86.400000,1010.300000,104.870000,1010.400000,18.570000,1010.500000,90.190000,1010.600000,12.050000,1010.700000,100.340000,1010.800000,5.330000,1010.900000,127.380000
1759266172.25529,178742239552,1009.900000,0.720000,1009.800000,17.240000,1009.700000,5.920000,1009.600000,27.440000,1009.500000,139.500000,1009.400000,111.270000,1009.300000,112.870000,1009.200000,14.250000,1009.100000,0.570000,1009.000000,0.980000,1010.000000,4.260000,1010.100000,18.980000,1010.200000,86.400000,1010.300000,104.870000,1010.400000,18.570000,1010.500000,90.190000,1010.600000,12.060000,1010.700000,100.340000,1010.800000,5.330000,1010.900000,127.380000
1759266172.5305939,178742242838,1009.900000,2.980000,1009.800000,18.230000,1009.700000,20.770000,1009.600000,27.440000,1009.500000,139.500000,1009.400000,96.420000,1009.300000,112.870000,1009.200000,29.100000,1009.100000,0.570000,1009.000000,0.980000,1010.000000,5.740000,1010.100000,20.900000,1010.200000,85.860000,1010.300000,104.600000,1010.400000,18.570000,1010.500000,90.190000,1010.600000,12.060000,1010.700000,100.340000,1010.800000,5.330000,1010.900000,127.380000
1759266172.7689426,178742244238,1009.900000,2.980000,1009.800000,18.230000,1009.700000,20.740000,1009.600000,27.410000,1009.500000,139.500000,1009.400000,96.420000,1009.300000,112.870000,1009.200000,29.100000,1009.100000,0.570000,1009.000000,0.980000,1010.000000,5.740000,1010.100000,18.440000,1010.200000,85.830000,1010.300000,104.600000,1010.400000,18.540000,1010.500000,90.190000,1010.600000,12.060000,1010.700000,100.340000,1010.800000,5.330000,1010.900000,127.380000
1759266173.0251086,178742251115,1009.900000,2.680000,1009.800000,18.230000,1009.700000,20.740000,1009.600000,27.410000,1009.500000,139.500000,1009.400000,96.420000,1009.300000,112.870000,1009.200000,29.100000,1009.100000,0.570000,1009.000000,0.980000,1010.000000,5.230000,1010.100000,18.440000,1010.200000,85.830000,1010.300000,104.600000,1010.400000,18.540000,1010.500000,90.190000,1010.600000,12.060000,1010.700000,100.340000,1010.800000,5.330000,1010.900000,127.380000
1759266173.2872179,178742252804,1009.900000,2.680000,1009.800000,18.230000,1009.700000,20.740000,1009.600000,27.410000,1009.500000,139.500000,1009.400000,96.420000,1009.300000,112.870000,1009.200000,29.100000,1009.100000,0.570000,1009.000000,0.980000,1010.000000,5.370000,1010.100000,20.780000,1010.200000,85.830000,1010.300000,104.600000,1010.400000,18.540000,1010.500000,90.190000,1010.600000,12.060000,1010.700000,100.340000,1010.800000,5.330000,1010.900000,127.380000
1759266173.75239,178742259794,1009.900000,2.500000,1009.800000,18.230000,1009.700000,20.770000,1009.600000,27.440000,1009.500000,139.500000,1009.400000,96.420000,1009.300000,112.870000,1009.200000,29.100000,1009.100000,0.570000,1009.000000,0.980000,1010.000000,5.370000,1010.100000,20.780000,1010.200000,85.860000,1010.300000,104.600000,1010.400000,18.570000,1010.500000,90.190000,1010.600000,12.060000,1010.700000,100.340000,1010.800000,5.330000,1010.900000,127.380000
1759266174.022691,178742265694,1009.900000,2.500000,1009.800000,27.260000,1009.700000,20.770000,1009.600000,27.440000,1009.500000,139.500000,1009.400000,96.420000,1009.300000,112.870000,1009.200000,29.100000,1009.100000,0.570000,1009.000000,0.980000,1010.000000,5.370000,1010.100000,20.780000,1010.200000,85.860000,1010.300000,104.600000,1010.400000,18.570000,1010.500000,90.190000,1010.600000,12.060000,1010.700000,100.340000,1010.800000,5.330000,1010.900000,127.380000
1759266174.4880095,178742272675,1009.800000,18.140000,1009.700000,13.920000,1009.600000,27.500000,1009.500000,140.550000,1009.400000,111.270000,1009.300000,113.410000,1009.200000,14.250000,1009.100000,0.570000,1009.000000,0.980000,1008.900000,18.100000,1010.000000,117.070000,1010.100000,28.560000,1010.200000,81.860000,1010.300000,104.600000,1010.400000,18.570000,1010.500000,88.040000,1010.600000,12.060000,1010.700000,100.340000,1010.800000,5.330000,1010.900000,127.380000
1759266174.7260451,178742272908,1009.800000,19.720000,1009.700000,14.420000,1009.600000,27.500000,1009.500000,140.550000,1009.400000,111.270000,1009.300000,113.410000,1009.200000,14.250000,1009.100000,0.570000,1009.000000,0.980000,1008.900000,18.100000,1010.000000,117.630000,1010.100000,28.560000,1010.200000,81.860000,1010.300000,104.600000,1010.400000,18.570000,1010.500000,88.040000,1010.600000,13.140000,1010.700000,100.340000,1010.800000,5.330000,1010.900000,127.380000
1759266175.0350652,178742280682,1009.900000,1.800000,1009.800000,19.730000,1009.700000,29.270000,1009.600000,28.140000,1009.500000,140.550000,1009.400000,96.420000,1009.300000,113.410000,1009.200000,29.100000,1009.100000,0.570000,1009.000000,0.980000,1010.000000,5.650000,1010.100000,28.650000,1010.200000,81.770000,1010.300000,104.600000,1010.400000,18.570000,1010.500000,88.040000,1010.600000,13.140000,1010.700000,100.340000,1010.800000,5.330000,1010.900000,127.380000
1759266175.2891738,178742283100,1009.900000,4.700000,1009.800000,26.150000,1009.700000,20.770000,1009.600000,28.140000,1009.500000,140.550000,1009.400000,96.420000,1009.300000,113.410000,1009.200000,29.100000,1009.100000,0.570000,1009.000000,0.980000,1010.000000,5.650000,1010.100000,24.720000,1010.200000,85.770000,1010.300000,104.600000,1010.400000,18.570000,1010.500000,88.040000,1010.600000,13.140000,1010.700000,100.340000,1010.800000,5.330000,1010.900000,127.380000
1759266175.55419,178742284347,1009.900000,5.200000,1009.800000,26.150000,1009.700000,20.770000,1009.600000,28.140000,1009.500000,140.550000,1009.400000,96.420000,1009.300000,113.410000,1009.200000,29.100000,1009.100000,0.570000,1009.000000,0.980000,1010.000000,5.650000,1010.100000,24.720000,1010.200000,85.770000,1010.300000,104.600000,1010.400000,18.570000,1010.500000,88.040000,1010.600000,13.140000,1010.700000,100.340000,1010.800000,5.330000,1010.900000,127.380000
1759266176.2874424,178742295545,1009.900000,5.200000,1009.800000,26.150000,1009.700000,102.010000,1009.600000,28.140000,1009.500000,140.550000,1009.400000,96.420000,1009.300000,113.410000,1009.200000,29.100000,1009.100000,0.570000,1009.000000,0.980000,1010.000000,12.000000,1010.100000,24.720000,1010.200000,85.770000,1010.300000,104.600000,1010.400000,18.570000,1010.500000,88.040000,1010.600000,13.140000,1010.700000,100.340000,1010.800000,5.330000,1010.900000,127.380000
1759266176.7568743,178742301475,1009.900000,4.940000,1009.800000,26.150000,1009.700000,102.010000,1009.600000,28.140000,1009.500000,140.550000,1009.400000,96.420000,1009.300000,113.410000,1009.200000,29.100000,1009.100000,0.570000,1009.000000,0.980000,1010.000000,12.000000,1010.100000,24.720000,1010.200000,85.770000,1010.300000,104.600000,1010.400000,18.570000,1010.500000,88.040000,1010.600000,13.140000,1010.700000,100.340000,1010.800000,5.330000,1010.900000,127.380000
1759266177.2826345,178742312039,1009.900000,5.020000,1009.800000,26.330000,1009.700000,102.010000,1009.600000,28.140000,1009.500000,140.550000,1009.400000,96.420000,1009.300000,113.410000,1009.200000,29.100000,1009.100000,0.570000,1009.000000,0.980000,1010.000000,11.600000,1010.100000,24.630000,1010.200000,85.770000,1010.300000,104.600000,1010.400000,18.570000,1010.500000,88.040000,1010.600000,13.140000,1010.700000,100.340000,1010.800000,5.330000,1010.900000,127.380000
1759266178.540318,178742328387,1009.900000,4.730000,1009.800000,26.330000,1009.700000,102.010000,1009.600000,28.140000,1009.500000,140.550000,1009.400000,96.420000,1009.300000,113.410000,1009.200000,29.100000,1009.100000,0.570000,1009.000000,0.980000,1010.000000,11.600000,1010.100000,24.630000,1010.200000,85.770000,1010.300000,104.600000,1010.400000,18.570000,1010.500000,88.040000,1010.600000,13.140000,1010.700000,100.340000,1010.800000,5.330000,1010.900000,127.380000
1759266179.0836163,178742333893,1009.900000,4.730000,1009.800000,26.330000,1009.700000,102.010000,1009.600000,28.140000,1009.500000,140.550000,1009.400000,96.420000,1009.300000,113.410000,1009.200000,29.100000,1009.100000,0.570000,1009.000000,0.980000,1010.000000,11.750000,1010.100000,24.630000,1010.200000,85.770000,1010.300000,104.600000,1010.400000,18.570000,1010.500000,88.040000,1010.600000,13.140000,1010.700000,100.340000,1010.800000,5.330000,1010.900000,127.380000
1759266179.3857868,178742341638,1009.900000,4.730000,1009.800000,26.600000,1009.700000,102.010000,1009.600000,28.140000,1009.500000,140.550000,1009.400000,96.420000,1009.300000,113.410000,1009.200000,29.100000,1009.100000,0.570000,1009.000000,0.980000,1010.000000,11.750000,1010.100000,24.630000,1010.200000,85.770000,1010.300000,104.600000,1010.400000,18.570000,1010.500000,88.040000,1010.600000,13.140000,1010.700000,100.340000,1010.800000,5.330000,1010.900000,127.380000
1759266180.0694723,178742352656,1009.900000,4.480000,1009.800000,26.600000,1009.700000,102.010000,1009.600000,28.140000,1009.500000,140.550000,1009.400000,96.420000,1009.300000,113.410000,1009.200000,29.100000,1009.100000,0.570000,1009.000000,0.980000,1010.000000,11.300000,1010.100000,24.630000,1010.200000,85.770000,1010.300000,104.600000,1010.400000,18.570000,1010.500000,88.040000,1010.600000,13.140000,1010.700000,100.340000,1010.800000,5.330000,1010.900000,127.380000
1759266180.4432983,178742354841,1009.900000,4.480000,1009.800000,26.600000,1009.700000,102.010000,1009.600000,28.140000,1009.500000,140.550000,1009.400000,24.260000,1009.300000,113.410000,1009.200000,29.100000,1009.100000,0.570000,1009.000000,0.980000,1010.000000,11.300000,1010.100000,24.630000,1010.200000,85.770000,1010.300000,104.600000,1010.400000,18.570000,1010.500000,88.040000,1010.600000,13.140000,1010.700000,100.340000,1010.800000,5.330000,1010.900000,55.450000
1759266181.1189156,178742364966,1009.900000,2.170000,1009.800000,10.520000,1009.700000,98.130000,1009.600000,28.100000,1009.500000,140.560000,1009.400000,39.110000,1009.300000,113.410000,1009.200000,14.250000,1009.100000,0.570000,1009.000000,0.980000,1010.000000,124.900000,1010.100000,24.820000,1010.200000,160.090000,1010.300000,30.070000,1010.400000,18.540000,1010.500000,88.050000,1010.600000,13.130000,1010.700000,100.340000,1010.800000,5.330000,1010.900000,55.450000
1759266181.7281606,178742378761,1009.900000,1.910000,1009.800000,11.690000,1009.700000,99.300000,1009.600000,28.100000,1009.500000,140.560000,1009.400000,39.110000,1009.300000,113.410000,1009.200000,14.250000,1009.100000,0.570000,1009.000000,0.980000,1010.000000,125.710000,1010.100000,24.280000,1010.200000,159.820000,1010.300000,30.070000,1010.400000,18.540000,1010.500000,88.050000,1010.600000,13.130000,1010.700000,100.340000,1010.800000,5.330000,1010.900000,55.450000
1759266181.994657,178742380957,1009.900000,1.940000,1009.800000,11.690000,1009.700000,99.330000,1009.600000,28.130000,1009.500000,140.560000,1009.400000,39.110000,1009.300000,113.410000,1009.200000,14.250000,1009.100000,0.570000,1009.000000,0.980000,1010.000000,125.880000,1010.100000,24.280000,1010.200000,159.850000,1010.300000,30.070000,1010.400000,18.570000,1010.500000,88.050000,1010.600000,13.130000,1010.700000,100.340000,1010.800000,5.330000,1010.900000,55.450000
1759266182.2832737,178742386286,1009.900000,1.940000,1009.800000,10.160000,1009.700000,1.920000,1009.600000,24.280000,1009.500000,61.070000,1009.400000,118.990000,1009.300000,45.930000,1009.200000,97.750000,1009.100000,0.570000,1009.000000,83.330000,1010.000000,374.990000,1010.100000,24.280000,1010.200000,169.000000,1010.300000,30.070000,1010.400000,100.930000,1010.500000,4.560000,1010.600000,13.130000,1010.700000,18.010000,1010.800000,5.330000,1010.900000,55.450000
1759266182.5337033,178742389723,1009.900000,0.500000,1009.800000,10.160000,1009.700000,1.920000,1009.600000,24.280000,1009.500000,61.070000,1009.400000,118.990000,1009.300000,45.930000,1009.200000,97.750000,1009.100000,0.570000,1009.000000,83.330000,1010.000000,375.150000,1010.100000,24.280000,1010.200000,169.000000,1010.300000,30.070000,1010.400000,100.930000,1010.500000,24.040000,1010.600000,13.130000,1010.700000,18.010000,1010.800000,5.330000,1010.900000,55.450000
1759266183.7356596,178742408755,1009.800000,8.310000,1009.700000,2.970000,1009.600000,25.960000,1009.500000,61.070000,1009.400000,118.990000,1009.300000,45.930000,1009.200000,97.750000,1009.100000,0.570000,1009.000000,83.330000,1008.900000,18.100000,1010.000000,271.630000,1010.100000,15.700000,1010.200000,164.970000,1010.300000,30.070000,1010.400000,100.900000,1010.500000,24.040000,1010.600000,13.130000,1010.700000,18.010000,1010.800000,5.330000,1010.900000,55.450000
1759266184.0099275,178742413767,1009.800000,11.070000,1009.700000,3.470000,1009.600000,33.170000,1009.500000,57.070000,1009.400000,118.990000,1009.300000,31.080000,1009.200000,97.750000,1009.100000,0.570000,1009.000000,83.330000,1008.900000,18.100000,1009.900000,0.090000,1010.000000,106.940000,1010.100000,5.200000,1010.200000,164.970000,1010.300000,30.070000,1010.400000,100.890000,1010.500000,4.570000,1010.600000,13.130000,1010.700000,18.010000,1010.800000,24.810000
1759266184.2537699,178742417605,1009.800000,11.060000,1009.700000,14.470000,1009.600000,33.170000,1009.500000,138.340000,1009.400000,37.720000,1009.300000,31.080000,1009.200000,97.750000,1009.100000,0.570000,1009.000000,83.330000,1008.900000,18.100000,1009.900000,6.990000,1010.000000,25.680000,1010.100000,94.400000,1010.200000,164.970000,1010.300000,30.070000,1010.400000,86.040000,1010.500000,4.570000,1010.600000,13.130000,1010.700000,18.010000,1010.800000,24.810000
1759266184.5791576,178742420792,1009.800000,10.740000,1009.700000,14.480000,1009.600000,33.170000,1009.500000,138.340000,1009.400000,37.720000,1009.300000,31.080000,1009.200000,97.750000,1009.100000,0.570000,1009.000000,83.330000,1008.900000,18.100000,1009.900000,7.720000,1010.000000,24.960000,1010.100000,94.400000,1010.200000,164.970000,1010.300000,30.070000,1010.400000,86.040000,1010.500000,4.570000,1010.600000,13.130000,1010.700000,18.010000,1010.800000,24.810000
1759266185.0430627,178742428263,1009.800000,10.740000,1009.700000,14.480000,1009.600000,33.200000,1009.500000,138.340000,1009.400000,38.250000,1009.300000,31.080000,1009.200000,97.750000,1009.100000,0.570000,1009.000000,83.330000,1008.900000,18.100000,1009.900000,6.730000,1010.000000,24.960000,1010.100000,94.430000,1010.200000,165.000000,1010.300000,30.070000,1010.400000,86.540000,1010.500000,5.560000,1010.600000,13.130000,1010.700000,18.010000,1010.800000,24.810000
1759266185.28215,178742431273,1009.800000,10.570000,1009.700000,3.480000,1009.600000,44.200000,1009.500000,138.340000,1009.400000,38.250000,1009.300000,32.070000,1009.200000,97.750000,1009.100000,0.570000,1009.000000,83.330000,1008.900000,18.100000,1009.900000,3.500000,1010.000000,24.960000,1010.100000,94.430000,1010.200000,165.000000,1010.300000,30.070000,1010.400000,86.540000,1010.500000,5.560000,1010.600000,16.590000,1010.700000,18.010000,1010.800000,24.810000
1759266185.5805936,178742435983,1009.800000,11.560000,1009.700000,4.200000,1009.600000,42.490000,1009.500000,138.340000,1009.400000,38.250000,1009.300000,32.070000,1009.200000,97.750000,1009.100000,4.030000,1009.000000,83.330000,1008.900000,18.100000,1009.900000,4.910000,1010.000000,23.250000,1010.100000,94.610000,1010.200000,165.000000,1010.300000,30.070000,1010.400000,86.540000,1010.500000,5.560000,1010.600000,16.590000,1010.700000,18.010000,1010.800000,24.810000
1759266186.193301,178742441063,1009.800000,11.290000,1009.700000,4.200000,1009.600000,43.000000,1009.500000,138.340000,1009.400000,38.250000,1009.300000,32.070000,1009.200000,97.750000,1009.100000,4.030000,1009.000000,83.330000,1008.900000,18.100000,1009.900000,4.910000,1010.000000,23.250000,1010.100000,94.610000,1010.200000,165.000000,1010.300000,30.070000,1010.400000,86.540000,1010.500000,5.560000,1010.600000,16.590000,1010.700000,18.010000,1010.800000,24.810000
1759266187.310171,178742459608,1009.800000,11.290000,1009.700000,4.200000,1009.600000,43.000000,1009.500000,138.340000,1009.400000,38.250000,1009.300000,31.080000,1009.200000,97.750000,1009.100000,0.570000,1009.000000,83.330000,1008.900000,18.100000,1009.900000,4.910000,1010.000000,23.250000,1010.100000,94.610000,1010.200000,165.000000,1010.300000,30.070000,1010.400000,86.540000,1010.500000,4.570000,1010.600000,13.130000,1010.700000,18.010000,1010.800000,24.810000
1759266187.6122813,178742464271,1009.800000,11.290000,1009.700000,4.200000,1009.600000,43.000000,1009.500000,138.340000,1009.400000,38.250000,1009.300000,32.070000,1009.200000,97.750000,1009.100000,0.570000,1009.000000,83.330000,1008.900000,18.100000,1009.900000,4.910000,1010.000000,23.250000,1010.100000,94.610000,1010.200000,165.000000,1010.300000,30.070000,1010.400000,86.540000,1010.500000,5.560000,1010.600000,16.590000,1010.700000,18.010000,1010.800000,24.810000
1759266187.9572573,178742465957,1009.800000,11.290000,1009.700000,4.200000,1009.600000,43.000000,1009.500000,138.340000,1009.400000,38.250000,1009.300000,32.070000,1009.200000,101.210000,1009.100000,0.570000,1009.000000,83.330000,1008.900000,18.100000,1009.900000,4.910000,1010.000000,23.250000,1010.100000,94.610000,1010.200000,165.000000,1010.300000,30.070000,1010.400000,86.540000,1010.500000,5.560000,1010.600000,16.590000,1010.700000,18.010000,1010.800000,24.810000
1759266188.3095691,178742472254,1009.800000,11.290000,1009.700000,4.200000,1009.600000,43.000000,1009.500000,138.340000,1009.400000,38.250000,1009.300000,104.280000,1009.200000,101.210000,1009.100000,0.570000,1009.000000,83.330000,1008.900000,18.100000,1009.900000,4.440000,1010.000000,23.250000,1010.100000,94.610000,1010.200000,165.000000,1010.300000,30.070000,1010.400000,86.540000,1010.500000,5.560000,1010.600000,16.590000,1010.700000,18.010000,1010.800000,96.790000
1759266189.5676532,178742487988,1009.800000,11.290000,1009.700000,4.200000,1009.600000,43.000000,1009.500000,138.340000,1009.400000,38.250000,1009.300000,104.280000,1009.200000,101.210000,1009.100000,0.570000,1009.000000,83.330000,1008.900000,18.100000,1009.900000,4.440000,1010.000000,23.250000,1010.100000,94.610000,1010.200000,165.000000,1010.300000,30.070000,1010.400000,86.540000,1010.500000,5.560000,1010.600000,16.590000,1010.700000,18.010000,1010.800000,96.790000
1759266190.2834747,178742495295,1009.800000,11.040000,1009.700000,4.200000,1009.600000,43.000000,1009.500000,138.340000,1009.400000,38.250000,1009.300000,104.280000,1009.200000,101.210000,1009.100000,0.570000,1009.000000,83.330000,1008.900000,18.100000,1009.900000,4.440000,1010.000000,23.250000,1010.100000,94.610000,1010.200000,165.000000,1010.300000,30.070000,1010.400000,86.540000,1010.500000,5.560000,1010.600000,16.590000,1010.700000,18.010000,1010.800000,96.790000
1759266190.6167617,178742500961,1009.800000,11.040000,1009.700000,7.200000,1009.600000,40.000000,1009.500000,138.340000,1009.400000,38.250000,1009.300000,104.280000,1009.200000,101.210000,1009.100000,0.570000,1009.000000,83.330000,1008.900000,18.100000,1009.900000,4.440000,1010.000000,23.250000,1010.100000,94.610000,1010.200000,165.000000,1010.300000,30.070000,1010.400000,86.540000,1010.500000,5.560000,1010.600000,16.590000,1010.700000,18.010000,1010.800000,96.790000
1759266190.8555918,178742508765,1009.800000,11.040000,1009.700000,15.200000,1009.600000,32.000000,1009.500000,138.340000,1009.400000,38.250000,1009.300000,104.280000,1009.200000,101.210000,1009.100000,0.570000,1009.000000,83.330000,1008.900000,18.100000,1009.900000,4.440000,1010.000000,23.250000,1010.100000,94.610000,1010.200000,165.000000,1010.300000,30.070000,1010.400000,86.540000,1010.500000,5.560000,1010.600000,16.590000,1010.700000,18.010000,1010.800000,96.790000
1759266191.7851477,178742520565,1009.800000,7.810000,1009.700000,15.200000,1009.600000,32.000000,1009.500000,138.340000,1009.400000,38.250000,1009.300000,104.280000,1009.200000,101.210000,1009.100000,0.570000,1009.000000,83.330000,1008.900000,18.100000,1009.900000,4.440000,1010.000000,23.250000,1010.100000,94.610000,1010.200000,165.000000,1010.300000,30.070000,1010.400000,86.540000,1010.500000,5.560000,1010.600000,16.590000,1010.700000,18.010000,1010.800000,96.790000
1759266192.1869748,178742529566,1009.800000,7.810000,1009.700000,15.170000,1009.600000,31.970000,1009.500000,138.340000,1009.400000,37.750000,1009.300000,103.290000,1009.200000,97.750000,1009.100000,0.570000,1009.000000,83.330000,1008.900000,18.100000,1009.900000,4.440000,1010.000000,23.250000,1010.100000,94.610000,1010.200000,164.970000,1010.300000,30.070000,1010.400000,86.510000,1010.500000,4.570000,1010.600000,13.130000,1010.700000,18.010000,1010.800000,96.790000
1759266192.5486796,178742534378,1009.800000,7.630000,1009.700000,4.170000,1009.600000,42.970000,1009.500000,138.340000,1009.400000,38.250000,1009.300000,104.280000,1009.200000,97.750000,1009.100000,0.570000,1009.000000,83.330000,1008.900000,18.100000,1009.900000,4.440000,1010.000000,25.620000,1010.100000,94.610000,1010.200000,164.970000,1010.300000,30.070000,1010.400000,86.510000,1010.500000,5.560000,1010.600000,13.130000,1010.700000,18.010000,1010.800000,96.790000
1759266192.9005108,178742537619,1009.800000,7.630000,1009.700000,4.170000,1009.600000,42.970000,1009.500000,138.340000,1009.400000,38.250000,1009.300000,104.280000,1009.200000,101.210000,1009.100000,0.570000,1009.000000,83.330000,1008.900000,18.100000,1009.900000,4.440000,1010.000000,25.620000,1010.100000,94.610000,1010.200000,164.970000,1010.300000,30.070000,1010.400000,86.510000,1010.500000,5.560000,1010.600000,16.590000,1010.700000,18.010000,1010.800000,96.790000
1759266193.2747116,178742544822,1009.800000,7.430000,1009.700000,4.170000,1009.600000,43.000000,1009.500000,138.340000,1009.400000,38.280000,1009.300000,104.280000,1009.200000,101.210000,1009.100000,0.570000,1009.000000,83.330000,1008.900000,18.100000,1009.900000,4.440000,1010.000000,25.620000,1010.100000,94.640000,1010.200000,165.000000,1010.300000,30.070000,1010.400000,86.510000,1010.500000,5.560000,1010.600000,16.590000,1010.700000,18.010000,1010.800000,96.790000
1759266193.9431636,178742554204,1009.800000,7.430000,1009.700000,4.350000,1009.600000,43.000000,1009.500000,138.340000,1009.400000,38.280000,1009.300000,104.280000,1009.200000,101.210000,1009.100000,0.570000,1009.000000,83.330000,1008.900000,18.100000,1009.900000,4.440000,1010.000000,23.430000,1010.100000,94.460000,1010.200000,165.000000,1010.300000,30.070000,1010.400000,86.510000,1010.500000,5.560000,1010.600000,16.590000,1010.700000,18.010000,1010.800000,96.790000
1759266194.2310355,178742557440,1009.800000,7.430000,1009.700000,15.350000,1009.600000,32.000000,1009.500000,138.340000,1009.400000,38.280000,1009.300000,104.280000,1009.200000,101.210000,1009.100000,0.570000,1009.000000,83.330000,1008.900000,18.100000,1009.900000,4.440000,1010.000000,23.430000,1010.100000,94.460000,1010.200000,165.000000,1010.300000,30.070000,1010.400000,86.510000,1010.500000,5.560000,1010.600000,16.590000,1010.700000,18.010000,1010.800000,96.790000
1759266194.6513488,178742563907,1009.800000,7.430000,1009.700000,15.350000,1009.600000,32.000000,1009.500000,138.340000,1009.400000,38.280000,1009.300000,104.280000,1009.200000,101.210000,1009.100000,0.570000,1009.000000,83.330000,1008.900000,18.100000,1009.900000,4.440000,1010.000000,23.430000,1010.100000,94.460000,1010.200000,165.000000,1010.300000,30.070000,1010.400000,86.510000,1010.500000,5.560000,1010.600000,16.590000,1010.700000,18.010000,1010.800000,96.790000
1759266195.1084256,178742569087,1009.800000,7.430000,1009.700000,15.350000,1009.600000,31.970000,1009.500000,138.340000,1009.400000,38.250000,1009.300000,104.280000,1009.200000,101.210000,1009.100000,0.570000,1009.000000,83.330000,1008.900000,18.100000,1009.900000,4.440000,1010.000000,23.430000,1010.100000,94.430000,1010.200000,164.970000,1010.300000,30.070000,1010.400000,86.510000,1010.500000,5.560000,1010.600000,16.590000,1010.700000,18.010000,1010.800000,96.790000
1759266195.4979193,178742575570,1009.800000,7.430000,1009.700000,15.350000,1009.600000,31.970000,1009.500000,138.340000,1009.400000,38.250000,1009.300000,104.280000,1009.200000,101.210000,1009.100000,0.570000,1009.000000,83.330000,1008.900000,18.100000,1009.900000,4.440000,1010.000000,23.430000,1010.100000,94.430000,1010.200000,164.970000,1010.300000,30.070000,1010.400000,86.510000,1010.500000,5.560000,1010.600000,16.590000,1010.700000,18.010000,1010.800000,96.790000
1759266196.12406,178742584070,1009.800000,7.430000,1009.700000,15.350000,1009.600000,32.000000,1009.500000,138.340000,1009.400000,38.280000,1009.300000,104.280000,1009.200000,101.210000,1009.100000,0.570000,1009.000000,83.330000,1008.900000,18.100000,1009.900000,4.440000,1010.000000,25.800000,1010.100000,94.460000,1010.200000,165.000000,1010.300000,30.070000,1010.400000,86.510000,1010.500000,5.560000,1010.600000,16.590000,1010.700000,18.010000,1010.800000,96.790000
1759266196.9641535,178742594328,1009.800000,7.430000,1009.700000,15.350000,1009.600000,32.000000,1009.500000,138.340000,1009.400000,38.280000,1009.300000,104.280000,1009.200000,101.210000,1009.100000,0.570000,1009.000000,83.330000,1008.900000,18.100000,1009.900000,3.990000,1010.000000,25.800000,1010.100000,94.460000,1010.200000,165.000000,1010.300000,30.070000,1010.400000,86.510000,1010.500000,5.560000,1010.600000,16.590000,1010.700000,18.010000,1010.800000,96.790000
1759266197.3066483,178742601114,1009.800000,7.430000,1009.700000,15.350000,1009.600000,32.000000,1009.500000,138.340000,1009.400000,37.780000,1009.300000,103.290000,1009.200000,97.750000,1009.100000,0.570000,1009.000000,83.330000,1008.900000,18.100000,1009.900000,3.990000,1010.000000,23.430000,1010.100000,94.460000,1010.200000,165.000000,1010.300000,30.070000,1010.400000,86.510000,1010.500000,4.570000,1010.600000,13.130000,1010.700000,18.010000,1010.800000,96.790000
1759266197.5853968,178742605651,1009.800000,7.430000,1009.700000,15.350000,1009.600000,32.000000,1009.500000,138.340000,1009.400000,38.280000,1009.300000,104.280000,1009.200000,97.750000,1009.100000,0.570000,1009.000000,83.330000,1008.900000,18.100000,1009.900000,3.990000,1010.000000,23.430000,1010.100000,94.460000,1010.200000,165.000000,1010.300000,30.070000,1010.400000,86.510000,1010.500000,5.560000,1010.600000,13.130000,1010.700000,18.010000,1010.800000,96.790000
1759266197.922769,178742608688,1009.800000,7.430000,1009.700000,15.350000,1009.600000,32.000000,1009.500000,138.340000,1009.400000,38.280000,1009.300000,104.280000,1009.200000,101.210000,1009.100000,0.570000,1009.000000,83.330000,1008.900000,18.100000,1009.900000,3.990000,1010.000000,23.430000,1010.100000,94.460000,1010.200000,165.000000,1010.300000,30.070000,1010.400000,86.510000,1010.500000,5.560000,1010.600000,16.590000,1010.700000,18.010000,1010.800000,96.790000
1759266198.6429174,178742619641,1009.800000,7.180000,1009.700000,15.350000,1009.600000,32.000000,1009.500000,138.340000,1009.400000,38.280000,1009.300000,104.570000,1009.200000,100.920000,1009.100000,0.570000,1009.000000,83.330000,1008.900000,18.100000,1009.900000,3.990000,1010.000000,23.430000,1010.100000,94.460000,1010.200000,165.000000,1010.300000,30.070000,1010.400000,86.510000,1010.500000,5.560000,1010.600000,16.590000,1010.700000,18.010000,1010.800000,96.790000
1759300069.4751446,179248783818,1009.700000,6.480000,1009.600000,76.600000,1009.500000,34.390000,1009.400000,87.870000,1009.300000,18.730000,1009.200000,83.030000,1009.100000,2.340000,1009.000000,20.100000,1008.900000,42.660000,1008.800000,32.550000,1009.800000,7.130000,1009.900000,26.900000,1010.000000,38.970000,1010.100000,36.650000,1010.200000,135.890000,1010.300000,111.520000,1010.400000,2.320000,1010.500000,73.750000,1010.600000,12.780000,1010.700000,19.160000
1759300074.5021489,179248850014,1009.700000,86.220000,1009.600000,11.430000,1009.500000,98.640000,1009.400000,87.750000,1009.300000,19.780000,1009.200000,84.600000,1009.100000,5.800000,1009.000000,20.100000,1008.900000,42.660000,1008.800000,32.550000,1009.800000,7.700000,1009.900000,10.890000,1010.000000,91.510000,1010.100000,36.930000,1010.200000,70.500000,1010.300000,125.880000,1010.400000,1.290000,1010.500000,74.740000,1010.600000,16.240000,1010.700000,19.160000
1759300074.775603,179248857008,1009.700000,255.510000,1009.600000,1.530000,1009.500000,99.140000,1009.400000,87.750000,1009.300000,39.090000,1009.200000,83.610000,1009.100000,2.340000,1009.000000,20.100000,1008.900000,42.660000,1008.800000,12.740000,1009.800000,7.700000,1009.900000,0.540000,1010.000000,89.710000,1010.100000,0.880000,1010.200000,70.500000,1010.300000,145.690000,1010.400000,15.650000,1010.500000,73.750000,1010.600000,12.780000,1010.700000,19.160000
1759300075.0629807,179248860545,1009.700000,255.510000,1009.600000,1.530000,1009.500000,99.140000,1009.400000,88.740000,1009.300000,39.090000,1009.200000,83.610000,1009.100000,2.340000,1009.000000,20.100000,1008.900000,42.660000,1008.800000,12.740000,1009.800000,6.680000,1009.900000,0.540000,1010.000000,89.710000,1010.100000,0.880000,1010.200000,70.500000,1010.300000,145.690000,1010.400000,15.650000,1010.500000,73.750000,1010.600000,13.280000,1010.700000,19.160000
1759300075.3509557,179248865203,1009.700000,255.510000,1009.600000,1.530000,1009.500000,99.170000,1009.400000,88.770000,1009.300000,39.090000,1009.200000,87.070000,1009.100000,2.340000,1009.000000,20.100000,1008.900000,42.660000,1008.800000,12.740000,1009.800000,6.680000,1009.900000,0.540000,1010.000000,90.190000,1010.100000,2.680000,1010.200000,70.500000,1010.300000,145.690000,1010.400000,15.650000,1010.500000,73.750000,1010.600000,13.280000,1010.700000,20.150000
1759300075.5932271,179248865234,1009.700000,255.510000,1009.600000,1.530000,1009.500000,99.170000,1009.400000,88.770000,1009.300000,39.090000,1009.200000,87.070000,1009.100000,2.340000,1009.000000,20.100000,1008.900000,42.660000,1008.800000,12.740000,1009.800000,6.680000,1009.900000,0.540000,1010.000000,90.190000,1010.100000,2.680000,1010.200000,70.530000,1010.300000,145.690000,1010.400000,15.650000,1010.500000,73.750000,1010.600000,13.280000,1010.700000,20.150000
1759300075.9673011,179248872324,1009.700000,255.510000,1009.600000,1.530000,1009.500000,99.080000,1009.400000,88.680000,1009.300000,39.090000,1009.200000,87.070000,1009.100000,2.340000,1009.000000,20.100000,1008.900000,42.660000,1008.800000,12.740000,1009.800000,6.680000,1009.900000,0.540000,1010.000000,90.100000,1010.100000,2.680000,1010.200000,70.440000,1010.300000,145.690000,1010.400000,15.650000,1010.500000,73.750000,1010.600000,13.280000,1010.700000,20.150000
1759300076.7095184,179248879966,1009.700000,256.200000,1009.600000,1.530000,1009.500000,99.080000,1009.400000,88.680000,1009.300000,39.090000,1009.200000,87.070000,1009.100000,2.340000,1009.000000,20.100000,1008.900000,42.660000,1008.800000,12.740000,1009.800000,6.680000,1009.900000,0.540000,1010.000000,90.100000,1010.100000,2.680000,1010.200000,70.440000,1010.300000,145.690000,1010.400000,15.650000,1010.500000,73.750000,1010.600000,13.280000,1010.700000,20.150000
1759300077.0152252,179248886283,1009.700000,255.510000,1009.600000,1.010000,1009.500000,99.170000,1009.400000,88.770000,1009.300000,39.090000,1009.200000,87.070000,1009.100000,2.340000,1009.000000,20.100000,1008.900000,42.660000,1008.800000,12.740000,1009.800000,6.680000,1009.900000,0.540000,1010.000000,90.190000,1010.100000,2.680000,1010.200000,70.530000,1010.300000,145.690000,1010.400000,15.650000,1010.500000,73.750000,1010.600000,13.280000,1010.700000,20.150000
1759300077.501884,179248892254,1009.700000,255.510000,1009.600000,1.010000,1009.500000,99.790000,1009.400000,88.770000,1009.300000,39.090000,1009.200000,87.070000,1009.100000,2.340000,1009.000000,20.100000,1008.900000,42.660000,1008.800000,12.740000,1009.800000,6.680000,1009.900000,0.540000,1010.000000,90.190000,1010.100000,2.680000,1010.200000,70.530000,1010.300000,145.690000,1010.400000,15.650000,1010.500000,73.750000,1010.600000,13.280000,1010.700000,20.150000
1759300077.865416,179248901497,1009.700000,335.250000,1009.600000,67.860000,1009.500000,34.420000,1009.400000,108.460000,1009.300000,39.090000,1009.200000,19.660000,1009.100000,2.340000,1009.000000,20.100000,1008.900000,22.850000,1008.800000,12.740000,1009.800000,1.280000,1009.900000,0.540000,1010.000000,24.100000,1010.100000,0.870000,1010.200000,18.940000,1010.300000,78.830000,1010.400000,120.630000,1010.500000,7.000000,1010.600000,80.130000,1010.700000,5.300000
1759300078.115615,179248905791,1009.900000,12.620000,1009.800000,11.510000,1009.700000,100.320000,1009.600000,82.710000,1009.500000,34.420000,1009.400000,93.600000,1009.300000,39.090000,1009.200000,18.580000,1009.100000,2.340000,1009.000000,20.100000,1010.000000,24.100000,1010.100000,0.870000,1010.200000,18.940000,1010.300000,78.830000,1010.400000,121.170000,1010.500000,7.000000,1010.600000,80.130000,1010.700000,5.300000,1010.800000,76.900000,1010.900000,14.120000
1759300078.3741703,179248906078,1009.900000,13.980000,1009.800000,11.510000,1009.700000,98.960000,1009.600000,83.300000,1009.500000,34.420000,1009.400000,93.600000,1009.300000,39.090000,1009.200000,18.580000,1009.100000,2.340000,1009.000000,20.100000,1010.000000,25.120000,1010.100000,0.870000,1010.200000,18.940000,1010.300000,78.830000,1010.400000,121.170000,1010.500000,7.000000,1010.600000,80.130000,1010.700000,5.300000,1010.800000,76.900000,1010.900000,14.120000
1759300078.6998217,179248914314,1009.900000,14.440000,1009.800000,14.180000,1009.700000,101.320000,1009.600000,83.420000,1009.500000,34.420000,1009.400000,93.600000,1009.300000,36.800000,1009.200000,16.420000,1009.100000,2.340000,1009.000000,20.100000,1010.000000,18.440000,1010.100000,0.870000,1010.200000,18.940000,1010.300000,78.830000,1010.400000,121.170000,1010.500000,7.000000,1010.600000,80.130000,1010.700000,5.300000,1010.800000,76.900000,1010.900000,14.120000
1759300078.9695568,179248914834,1009.900000,14.440000,1009.800000,14.180000,1009.700000,101.320000,1009.600000,83.420000,1009.500000,34.420000,1009.400000,93.600000,1009.300000,36.800000,1009.200000,16.420000,1009.100000,2.340000,1009.000000,20.100000,1010.000000,18.440000,1010.100000,0.870000,1010.200000,18.940000,1010.300000,78.830000,1010.400000,121.350000,1010.500000,9.160000,1010.600000,80.130000,1010.700000,5.300000,1010.800000,76.900000,1010.900000,14.120000
1759300079.4074283,179248924222,1009.900000,16.320000,1009.800000,14.630000,1009.700000,98.530000,1009.600000,83.410000,1009.500000,34.420000,1009.400000,93.600000,1009.300000,36.800000,1009.200000,16.420000,1009.100000,2.340000,1009.000000,20.100000,1010.000000,18.440000,1010.100000,1.590000,1010.200000,20.560000,1010.300000,78.830000,1010.400000,121.350000,1010.500000,9.160000,1010.600000,80.130000,1010.700000,5.300000,1010.800000,76.900000,1010.900000,14.120000
1759300079.7018485,179248928854,1009.900000,16.150000,1009.800000,14.630000,1009.700000,98.530000,1009.600000,83.410000,1009.500000,33.920000,1009.400000,92.610000,1009.300000,36.800000,1009.200000,12.960000,1009.100000,2.340000,1009.000000,20.100000,1010.000000,18.440000,1010.100000,1.590000,1010.200000,20.560000,1010.300000,78.830000,1010.400000,121.350000,1010.500000,9.160000,1010.600000,79.630000,1010.700000,4.310000,1010.800000,73.440000,1010.900000,14.120000
1759300079.9453712,179248932436,1009.900000,16.150000,1009.800000,14.630000,1009.700000,98.530000,1009.600000,83.410000,1009.500000,34.420000,1009.400000,92.610000,1009.300000,36.800000,1009.200000,12.960000,1009.100000,2.340000,1009.000000,20.100000,1010.000000,18.440000,1010.100000,1.590000,1010.200000,20.560000,1010.300000,78.830000,1010.400000,121.350000,1010.500000,9.160000,1010.600000,80.130000,1010.700000,5.300000,1010.800000,73.440000,1010.900000,14.120000
1759300080.269468,179248937187,1009.900000,16.160000,1009.800000,14.630000,1009.700000,98.530000,1009.600000,83.410000,1009.500000,34.420000,1009.400000,93.600000,1009.300000,40.260000,1009.200000,12.960000,1009.100000,2.340000,1009.000000,20.100000,1010.000000,18.440000,1010.100000,1.590000,1010.200000,20.560000,1010.300000,78.830000,1010.400000,121.350000,1010.500000,9.160000,1010.600000,80.130000,1010.700000,5.300000,1010.800000,76.900000,1010.900000,14.120000
1759300080.8570294,179248947178,1009.900000,160.350000,1009.800000,14.630000,1009.700000,33.170000,1009.600000,83.410000,1009.500000,34.420000,1009.400000,93.600000,1009.300000,40.260000,1009.200000,12.960000,1009.100000,2.340000,1009.000000,20.100000,1010.000000,17.270000,1010.100000,0.870000,1010.200000,5.430000,1010.300000,59.020000,1010.400000,55.990000,1010.500000,89.350000,1010.600000,99.940000,1010.700000,5.300000,1010.800000,76.900000,1010.900000,14.120000
1759300081.1540241,179248953981,1009.900000,319.740000,1009.800000,14.630000,1009.700000,24.170000,1009.600000,83.410000,1009.500000,34.440000,1009.400000,93.600000,1009.300000,40.240000,1009.200000,12.960000,1009.100000,2.340000,1009.000000,20.100000,1010.000000,17.270000,1010.100000,0.600000,1010.200000,4.050000,1010.300000,59.210000,1010.400000,56.010000,1010.500000,89.350000,1010.600000,99.940000,1010.700000,5.300000,1010.800000,76.900000,1010.900000,14.120000
1759300081.5633135,179248958167,1009.900000,320.190000,1009.800000,14.180000,1009.700000,24.170000,1009.600000,83.410000,1009.500000,34.440000,1009.400000,93.600000,1009.300000,40.240000,1009.200000,12.960000,1009.100000,2.340000,1009.000000,20.100000,1010.000000,17.270000,1010.100000,0.780000,1010.200000,5.040000,1010.300000,60.650000,1010.400000,56.010000,1010.500000,89.350000,1010.600000,99.940000,1010.700000,5.300000,1010.800000,76.900000,1010.900000,14.120000
1759300081.8354998,179248963032,1009.900000,320.190000,1009.800000,14.180000,1009.700000,24.170000,1009.600000,83.410000,1009.500000,35.280000,1009.400000,93.600000,1009.300000,39.400000,1009.200000,12.960000,1009.100000,2.340000,1009.000000,20.100000,1010.000000,16.250000,1010.100000,0.780000,1010.200000,5.040000,1010.300000,60.650000,1010.400000,56.010000,1010.500000,89.350000,1010.600000,99.940000,1010.700000,5.300000,1010.800000,76.900000,1010.900000,14.120000
1759300082.1090238,179248967643,1009.900000,330.190000,1009.800000,14.180000,1009.700000,24.170000,1009.600000,83.410000,1009.500000,35.280000,1009.400000,93.600000,1009.300000,39.400000,1009.200000,12.960000,1009.100000,2.340000,1009.000000,20.100000,1010.000000,16.250000,1010.100000,0.780000,1010.200000,5.040000,1010.300000,60.650000,1010.400000,56.010000,1010.500000,89.350000,1010.600000,99.940000,1010.700000,5.300000,1010.800000,76.900000,1010.900000,14.120000
1759300082.3627875,179248972792,1009.900000,330.190000,1009.800000,14.180000,1009.700000,24.170000,1009.600000,83.410000,1009.500000,35.280000,1009.400000,93.600000,1009.300000,39.400000,1009.200000,12.960000,1009.100000,2.340000,1009.000000,20.100000,1010.000000,16.250000,1010.100000,0.780000,1010.200000,5.040000,1010.300000,20.650000,1010.400000,56.010000,1010.500000,89.350000,1010.600000,99.940000,1010.700000,5.300000,1010.800000,76.900000,1010.900000,14.120000
1759300083.8036993,179248995589,1009.900000,347.900000,1009.800000,14.180000,1009.700000,24.170000,1009.600000,83.410000,1009.500000,35.280000,1009.400000,93.600000,1009.300000,39.400000,1009.200000,12.960000,1009.100000,2.340000,1009.000000,20.100000,1010.000000,16.250000,1010.100000,0.780000,1010.200000,5.040000,1010.300000,20.650000,1010.400000,56.010000,1010.500000,89.350000,1010.600000,99.940000,1010.700000,5.300000,1010.800000,76.900000,1010.900000,14.120000
1759300084.2042167,179249001492,1009.900000,347.900000,1009.800000,14.180000,1009.700000,24.170000,1009.600000,83.410000,1009.500000,35.280000,1009.400000,93.600000,1009.300000,39.400000,1009.200000,12.960000,1009.100000,2.340000,1009.000000,20.100000,1010.000000,16.250000,1010.100000,0.780000,1010.200000,5.040000,1010.300000,20.650000,1010.400000,56.010000,1010.500000,89.350000,1010.600000,99.940000,1010.700000,5.300000,1010.800000,76.900000,1010.900000,14.120000
1759300084.6131544,179249007024,1009.900000,306.600000,1009.800000,14.180000,1009.700000,24.170000,1009.600000,83.410000,1009.500000,35.280000,1009.400000,93.600000,1009.300000,39.400000,1009.200000,12.960000,1009.100000,2.340000,1009.000000,20.100000,1010.000000,16.250000,1010.100000,0.780000,1010.200000,5.040000,1010.300000,20.650000,1010.400000,56.010000,1010.500000,89.350000,1010.600000,99.940000,1010.700000,5.300000,1010.800000,76.900000,1010.900000,14.120000
1759300084.9273372,179249015992,1009.900000,316.500000,1009.800000,14.180000,1009.700000,24.170000,1009.600000,83.910000,1009.500000,34.780000,1009.400000,92.610000,1009.300000,35.940000,1009.200000,12.960000,1009.100000,2.340000,1009.000000,20.100000,1010.000000,16.250000,1010.100000,0.780000,1010.200000,5.040000,1010.300000,20.650000,1010.400000,56.010000,1010.500000,89.350000,1010.600000,99.440000,1010.700000,4.810000,1010.800000,73.440000,1010.900000,14.120000
1759300085.1716485,179249019990,1009.900000,316.500000,1009.800000,14.180000,1009.700000,24.170000,1009.600000,83.910000,1009.500000,35.770000,1009.400000,92.610000,1009.300000,35.940000,1009.200000,12.960000,1009.100000,2.340000,1009.000000,20.100000,1010.000000,16.270000,1010.100000,0.780000,1010.200000,5.040000,1010.300000,20.650000,1010.400000,56.010000,1010.500000,89.350000,1010.600000,99.440000,1010.700000,44.810000,1010.800000,74.430000,1010.900000,17.580000
1759300085.508714,179249025171,1009.900000,318.840000,1009.800000,14.180000,1009.700000,24.170000,1009.600000,83.910000,1009.500000,35.740000,1009.400000,96.040000,1009.300000,35.940000,1009.200000,12.960000,1009.100000,2.340000,1009.000000,20.100000,1010.000000,16.420000,1010.100000,1.320000,1010.200000,5.730000,1010.300000,19.210000,1010.400000,56.010000,1010.500000,89.350000,1010.600000,99.440000,1010.700000,44.810000,1010.800000,74.430000,1010.900000,17.580000
1759300085.7712836,179249029583,1009.900000,318.840000,1009.800000,14.180000,1009.700000,24.170000,1009.600000,83.910000,1009.500000,55.550000,1009.400000,96.040000,1009.300000,35.940000,1009.200000,12.960000,1009.100000,2.340000,1009.000000,0.290000,1010.000000,18.340000,1010.100000,0.960000,1010.200000,5.190000,1010.300000,17.640000,1010.400000,16.580000,1010.500000,89.350000,1010.600000,99.440000,1010.700000,84.430000,1010.800000,74.430000,1010.900000,17.580000
1759300086.1508653,179249034360,1009.900000,317.850000,1009.800000,14.180000,1009.700000,24.170000,1009.600000,83.910000,1009.500000,54.930000,1009.400000,96.040000,1009.300000,35.940000,1009.200000,12.960000,1009.100000,2.340000,1009.000000,0.290000,1010.000000,6.250000,1010.100000,0.960000,1010.200000,5.190000,1010.300000,17.640000,1010.400000,16.580000,1010.500000,89.350000,1010.600000,99.440000,1010.700000,84.430000,1010.800000,74.430000,1010.900000,17.580000
1759300086.524923,179249041230,1009.900000,318.540000,1009.800000,14.180000,1009.700000,24.200000,1009.600000,83.940000,1009.500000,54.930000,1009.400000,96.040000,1009.300000,35.940000,1009.200000,12.960000,1009.100000,2.340000,1009.000000,0.290000,1010.000000,1.440000,1010.100000,0.960000,1010.200000,5.220000,1010.300000,17.640000,1010.400000,16.610000,1010.500000,89.350000,1010.600000,99.440000,1010.700000,84.430000,1010.800000,74.430000,1010.900000,17.580000
1759300087.0003343,179249047070,1009.900000,318.540000,1009.800000,14.180000,1009.700000,24.200000,1009.600000,83.940000,1009.500000,54.840000,1009.400000,95.950000,1009.300000,35.940000,1009.200000,12.960000,1009.100000,2.340000,1009.000000,0.290000,1010.000000,1.350000,1010.100000,0.960000,1010.200000,5.130000,1010.300000,17.640000,1010.400000,16.610000,1010.500000,89.350000,1010.600000,99.440000,1010.700000,84.430000,1010.800000,74.430000,1010.900000,17.580000
1759300087.2679598,179249048928,1009.900000,318.540000,1009.800000,14.180000,1009.700000,24.200000,1009.600000,83.940000,1009.500000,54.840000,1009.400000,95.950000,1009.300000,35.940000,1009.200000,12.960000,1009.100000,2.340000,1009.000000,0.290000,1010.000000,1.350000,1010.100000,0.960000,1010.200000,5.130000,1010.300000,17.640000,1010.400000,16.610000,1010.500000,89.350000,1010.600000,99.440000,1010.700000,84.430000,1010.800000,74.430000,1010.900000,17.580000
1759300087.8442574,179249059490,1009.900000,319.040000,1009.800000,14.180000,1009.700000,23.730000,1009.600000,83.970000,1009.500000,54.840000,1009.400000,95.950000,1009.300000,35.940000,1009.200000,12.960000,1009.100000,5.340000,1009.000000,0.290000,1010.000000,1.350000,1010.100000,1.140000,1010.200000,5.520000,1010.300000,18.180000,1010.400000,16.640000,1010.500000,89.350000,1010.600000,99.440000,1010.700000,84.430000,1010.800000,74.430000,1010.900000,17.580000
1759300088.126597,179249061695,1009.900000,319.040000,1009.800000,14.180000,1009.700000,23.790000,1009.600000,84.030000,1009.500000,54.840000,1009.400000,95.950000,1009.300000,35.940000,1009.200000,12.960000,1009.100000,5.340000,1009.000000,0.290000,1010.000000,1.350000,1010.100000,1.140000,1010.200000,5.580000,1010.300000,18.180000,1010.400000,16.700000,1010.500000,89.350000,1010.600000,99.440000,1010.700000,84.430000,1010.800000,74.430000,1010.900000,17.580000
1759300088.5157173,179249068671,1009.900000,320.420000,1009.800000,14.180000,1009.700000,23.790000,1009.600000,84.030000,1009.500000,35.030000,1009.400000,95.950000,1009.300000,35.940000,1009.200000,32.770000,1009.100000,5.340000,1009.000000,0.290000,1010.000000,1.350000,1010.100000,1.140000,1010.200000,7.950000,1010.300000,18.180000,1010.400000,19.050000,1010.500000,89.350000,1010.600000,99.440000,1010.700000,84.430000,1010.800000,74.430000,1010.900000,17.580000
1759300089.3691075,179249084558,1009.900000,106.810000,1009.800000,14.180000,1009.700000,23.790000,1009.600000,84.030000,1009.500000,35.030000,1009.400000,95.950000,1009.300000,35.940000,1009.200000,32.770000,1009.100000,5.340000,1009.000000,0.290000,1010.000000,1.350000,1010.100000,1.140000,1010.200000,20.430000,1010.300000,18.370000,1010.400000,16.510000,1010.500000,74.500000,1010.600000,99.440000,1010.700000,99.280000,1010.800000,74.430000,1010.900000,17.580000
1759300089.6390228,179249090701,1009.900000,106.810000,1009.800000,14.200000,1009.700000,23.790000,1009.600000,84.030000,1009.500000,35.030000,1009.400000,95.950000,1009.300000,35.940000,1009.200000,32.770000,1009.100000,5.340000,1009.000000,0.290000,1010.000000,3.540000,1010.100000,4.220000,1010.200000,20.520000,1010.300000,18.370000,1010.400000,16.510000,1010.500000,74.500000,1010.600000,99.440000,1010.700000,99.280000,1010.800000,74.430000,1010.900000,17.580000
1759300089.8844311,179249094076,1009.900000,41.110000,1009.800000,14.980000,1009.700000,89.140000,1009.600000,83.530000,1009.500000,34.540000,1009.400000,92.490000,1009.300000,35.940000,1009.200000,32.770000,1009.100000,5.340000,1009.000000,0.290000,1010.000000,6.980000,1010.100000,4.580000,1010.200000,21.630000,1010.300000,83.180000,1010.400000,16.510000,1010.500000,9.160000,1010.600000,99.940000,1010.700000,98.780000,1010.800000,73.440000,1010.900000,14.120000
1759300090.19623,179249098172,1009.900000,41.110000,1009.800000,14.980000,1009.700000,89.140000,1009.600000,83.530000,1009.500000,34.540000,1009.400000,93.480000,1009.300000,35.940000,1009.200000,32.770000,1009.100000,5.340000,1009.000000,0.290000,1010.000000,6.980000,1010.100000,4.580000,1010.200000,21.630000,1010.300000,83.180000,1010.400000,16.510000,1010.500000,9.160000,1010.600000,99.940000,1010.700000,99.770000,1010.800000,76.900000,1010.900000,14.120000
1759300090.5325735,179249100200,1009.900000,41.110000,1009.800000,14.980000,1009.700000,89.140000,1009.600000,83.530000,1009.500000,34.540000,1009.400000,93.480000,1009.300000,39.400000,1009.200000,32.770000,1009.100000,5.340000,1009.000000,0.290000,1010.000000,6.980000,1010.100000,4.580000,1010.200000,21.630000,1010.300000,83.180000,1010.400000,16.510000,1010.500000,9.160000,1010.600000,99.940000,1010.700000,99.770000,1010.800000,76.900000,1010.900000,14.120000
1759300090.9989555,179249109496,1009.900000,41.760000,1009.800000,14.980000,1009.700000,89.140000,1009.600000,83.530000,1009.500000,34.540000,1009.400000,93.480000,1009.300000,39.400000,1009.200000,32.770000,1009.100000,5.340000,1009.000000,0.290000,1010.000000,6.980000,1010.100000,4.580000,1010.200000,21.630000,1010.300000,83.180000,1010.400000,16.510000,1010.500000,9.160000,1010.600000,99.940000,1010.700000,99.770000,1010.800000,76.900000,1010.900000,14.120000
1759300091.2547207,179249115056,1009.900000,29.110000,1009.800000,14.180000,1009.700000,17.940000,1009.600000,82.040000,1009.500000,34.540000,1009.400000,108.440000,1009.300000,24.540000,1009.200000,99.510000,1009.100000,5.340000,1009.000000,0.290000,1010.000000,76.440000,1010.100000,2.130000,1010.200000,124.340000,1010.300000,30.530000,1010.400000,83.360000,1010.500000,9.160000,1010.600000,99.830000,1010.700000,60.150000,1010.800000,10.160000,1010.900000,14.120000
1759300091.7955427,179249123717,1009.900000,29.110000,1009.800000,14.900000,1009.700000,19.640000,1009.600000,82.040000,1009.500000,34.540000,1009.400000,108.440000,1009.300000,24.540000,1009.200000,99.510000,1009.100000,5.340000,1009.000000,0.290000,1010.000000,78.420000,1010.100000,0.600000,1010.200000,123.890000,1010.300000,31.190000,1010.400000,83.360000,1010.500000,9.160000,1010.600000,99.830000,1010.700000,60.150000,1010.800000,10.160000,1010.900000,14.120000
1759300092.8129833,179249138280,1009.900000,28.480000,1009.800000,3.120000,1009.700000,18.840000,1009.600000,16.680000,1009.500000,99.070000,1009.400000,88.630000,1009.300000,4.730000,1009.200000,79.700000,1009.100000,5.340000,1009.000000,59.720000,1010.000000,165.480000,1010.100000,7.990000,1010.200000,125.390000,1010.300000,31.190000,1010.400000,83.260000,1010.500000,9.160000,1010.600000,33.090000,1010.700000,60.150000,1010.800000,10.160000,1010.900000,14.120000
1759300093.3457341,179249147904,1009.900000,29.050000,1009.800000,3.120000,1009.700000,18.840000,1009.600000,16.680000,1009.500000,99.070000,1009.400000,88.630000,1009.300000,4.730000,1009.200000,79.700000,1009.100000,5.340000,1009.000000,59.720000,1010.000000,165.480000,1010.100000,7.990000,1010.200000,125.390000,1010.300000,31.190000,1010.400000,83.260000,1010.500000,9.160000,1010.600000,33.090000,1010.700000,60.150000,1010.800000,10.160000,1010.900000,14.120000
1759300093.682417,179249150867,1009.900000,28.480000,1009.800000,3.120000,1009.700000,18.840000,1009.600000,16.680000,1009.500000,99.070000,1009.400000,88.630000,1009.300000,4.730000,1009.200000,79.700000,1009.100000,5.340000,1009.000000,59.720000,1010.000000,165.480000,1010.100000,7.990000,1010.200000,125.390000,1010.300000,31.190000,1010.400000,83.260000,1010.500000,9.160000,1010.600000,33.090000,1010.700000,60.150000,1010.800000,10.160000,1010.900000,14.120000
1759300094.0525131,179249156637,1009.900000,28.480000,1009.800000,3.750000,1009.700000,19.110000,1009.600000,16.950000,1009.500000,99.070000,1009.400000,88.630000,1009.300000,4.730000,1009.200000,79.700000,1009.100000,5.340000,1009.000000,59.720000,1010.000000,165.480000,1010.100000,7.990000,1010.200000,125.390000,1010.300000,31.190000,1010.400000,83.260000,1010.500000,9.160000,1010.600000,33.090000,1010.700000,60.150000,1010.800000,10.160000,1010.900000,14.120000
1759300095.0096078,179249173547,1009.900000,28.780000,1009.800000,2.670000,1009.700000,4.940000,1009.600000,0.760000,1009.500000,33.680000,1009.400000,86.170000,1009.300000,16.620000,1009.200000,79.830000,1009.100000,5.340000,1009.000000,126.480000,1010.000000,165.480000,1010.100000,31.800000,1010.200000,125.900000,1010.300000,31.190000,1010.400000,83.760000,1010.500000,9.160000,1010.600000,12.780000,1010.700000,59.160000,1010.800000,6.700000,1010.900000,14.120000
1759300095.252831,179249177959,1009.900000,28.210000,1009.800000,2.670000,1009.700000,4.940000,1009.600000,0.760000,1009.500000,33.680000,1009.400000,86.170000,1009.300000,16.620000,1009.200000,80.820000,1009.100000,5.340000,1009.000000,126.480000,1010.000000,165.480000,1010.100000,31.800000,1010.200000,125.900000,1010.300000,31.190000,1010.400000,83.760000,1010.500000,10.150000,1010.600000,16.240000,1010.700000,59.160000,1010.800000,6.700000,1010.900000,14.120000
1759300095.6001728,179249179497,1009.900000,28.210000,1009.800000,2.670000,1009.700000,4.940000,1009.600000,0.760000,1009.500000,33.680000,1009.400000,86.540000,1009.300000,16.620000,1009.200000,80.820000,1009.100000,8.800000,1009.000000,126.480000,1010.000000,165.480000,1010.100000,31.800000,1010.200000,125.900000,1010.300000,31.190000,1010.400000,83.760000,1010.500000,10.150000,1010.600000,16.240000,1010.700000,59.160000,1010.800000,6.700000,1010.900000,14.120000
1759300096.110931,179249186586,1009.900000,28.210000,1009.800000,3.030000,1009.700000,5.930000,1009.600000,1.930000,1009.500000,33.950000,1009.400000,86.540000,1009.300000,16.620000,1009.200000,80.820000,1009.100000,8.800000,1009.000000,126.480000,1010.000000,165.480000,1010.100000,31.800000,1010.200000,125.900000,1010.300000,31.190000,1010.400000,83.760000,1010.500000,10.150000,1010.600000,16.240000,1010.700000,59.160000,1010.800000,6.700000,1010.900000,14.120000
1759300096.54033,179249195668,1009.900000,28.210000,1009.800000,3.030000,1009.700000,5.900000,1009.600000,1.900000,1009.500000,33.950000,1009.400000,86.540000,1009.300000,16.620000,1009.200000,80.820000,1009.100000,8.800000,1009.000000,126.480000,1010.000000,165.480000,1010.100000,31.800000,1010.200000,125.870000,1010.300000,31.190000,1010.400000,83.730000,1010.500000,10.150000,1010.600000,16.240000,1010.700000,59.160000,1010.800000,6.700000,1010.900000,14.120000
1759300097.8575377,179249210906,1009.900000,28.210000,1009.800000,3.030000,1009.700000,5.930000,1009.600000,1.930000,1009.500000,33.950000,1009.400000,86.540000,1009.300000,16.620000,1009.200000,80.820000,1009.100000,8.800000,1009.000000,126.480000,1010.000000,165.480000,1010.100000,31.800000,1010.200000,125.900000,1010.300000,31.190000,1010.400000,83.760000,1010.500000,10.150000,1010.600000,16.240000,1010.700000,59.160000,1010.800000,6.700000,1010.900000,14.120000
1759300098.2327662,179249217654,1009.900000,28.210000,1009.800000,3.030000,1009.700000,5.840000,1009.600000,1.840000,1009.500000,33.950000,1009.400000,86.540000,1009.300000,16.620000,1009.200000,80.820000,1009.100000,8.800000,1009.000000,126.480000,1010.000000,165.480000,1010.100000,31.800000,1010.200000,125.810000,1010.300000,31.190000,1010.400000,83.670000,1010.500000,10.150000,1010.600000,16.240000,1010.700000,59.160000,1010.800000,6.700000,1010.900000,14.120000
1759300098.6449227,179249223883,1009.900000,22.190000,1009.800000,3.030000,1009.700000,5.840000,1009.600000,1.840000,1009.500000,33.950000,1009.400000,86.540000,1009.300000,16.620000,1009.200000,80.820000,1009.100000,8.800000,1009.000000,126.480000,1010.000000,166.160000,1010.100000,31.800000,1010.200000,125.810000,1010.300000,31.190000,1010.400000,83.670000,1010.500000,10.150000,1010.600000,16.240000,1010.700000,59.160000,1010.800000,6.700000,1010.900000,14.120000
1759300099.3146482,179249233084,1009.900000,22.190000,1009.800000,3.030000,1009.700000,5.930000,1009.600000,1.930000,1009.500000,33.950000,1009.400000,86.540000,1009.300000,16.620000,1009.200000,80.820000,1009.100000,8.800000,1009.000000,126.480000,1010.000000,166.160000,1010.100000,38.160000,1010.200000,125.900000,1010.300000,31.190000,1010.400000,83.760000,1010.500000,10.150000,1010.600000,16.240000,1010.700000,59.160000,1010.800000,6.700000,1010.900000,14.120000
1759300099.6272287,179249236478,1009.900000,22.190000,1009.800000,3.030000,1009.700000,5.930000,1009.600000,1.930000,1009.500000,33.950000,1009.400000,86.540000,1009.300000,16.620000,1009.200000,80.820000,1009.100000,8.800000,1009.000000,126.480000,1010.000000,166.160000,1010.100000,35.770000,1010.200000,125.900000,1010.300000,31.190000,1010.400000,83.760000,1010.500000,10.150000,1010.600000,16.240000,1010.700000,59.160000,1010.800000,6.700000,1010.900000,14.120000
1759300100.1215918,179249245793,1009.900000,22.190000,1009.800000,3.030000,1009.700000,5.930000,1009.600000,1.930000,1009.500000,33.950000,1009.400000,86.540000,1009.300000,16.620000,1009.200000,79.830000,1009.100000,5.340000,1009.000000,126.480000,1010.000000,165.960000,1010.100000,35.770000,1010.200000,125.900000,1010.300000,31.190000,1010.400000,83.760000,1010.500000,10.150000,1010.600000,12.780000,1010.700000,59.160000,1010.800000,6.700000,1010.900000,14.120000
1759300100.4785702,179249250838,1009.900000,22.190000,1009.800000,3.030000,1009.700000,5.930000,1009.600000,1.930000,1009.500000,33.950000,1009.400000,86.540000,1009.300000,16.620000,1009.200000,80.820000,1009.100000,8.800000,1009.000000,126.480000,1010.000000,165.960000,1010.100000,35.770000,1010.200000,125.900000,1010.300000,31.190000,1010.400000,83.760000,1010.500000,10.150000,1010.600000,16.240000,1010.700000,59.160000,1010.800000,6.700000,1010.900000,14.120000
1759300101.9714043,179249273708,1009.900000,32.090000,1009.800000,14.540000,1009.700000,29.780000,1009.600000,82.330000,1009.500000,34.260000,1009.400000,73.170000,1009.300000,1.270000,1009.200000,94.560000,1009.100000,5.340000,1009.000000,59.720000,1010.000000,7.790000,1010.100000,77.320000,1010.200000,85.770000,1010.300000,31.190000,1010.400000,103.070000,1010.500000,48.780000,1010.600000,12.780000,1010.700000,59.160000,1010.800000,6.700000,1010.900000,14.120000
1759300102.256059,179249280464,1009.900000,31.100000,1009.800000,14.540000,1009.700000,29.780000,1009.600000,82.330000,1009.500000,34.260000,1009.400000,74.160000,1009.300000,1.270000,1009.200000,94.560000,1009.100000,5.340000,1009.000000,59.720000,1010.000000,7.790000,1010.100000,77.320000,1010.200000,85.770000,1010.300000,31.190000,1010.400000,103.070000,1010.500000,48.780000,1010.600000,13.280000,1010.700000,60.150000,1010.800000,6.700000,1010.900000,14.120000
1759300102.5153022,179249285033,1009.900000,32.450000,1009.800000,15.170000,1009.700000,29.800000,1009.600000,81.160000,1009.500000,33.990000,1009.400000,74.160000,1009.300000,4.730000,1009.200000,94.560000,1009.100000,5.340000,1009.000000,59.720000,1010.000000,7.790000,1010.100000,77.710000,1010.200000,85.770000,1010.300000,31.190000,1010.400000,103.050000,1010.500000,48.780000,1010.600000,13.280000,1010.700000,60.150000,1010.800000,10.160000,1010.900000,14.120000
1759300102.7780023,179249289583,1009.900000,32.450000,1009.800000,15.170000,1009.700000,33.800000,1009.600000,81.160000,1009.500000,33.990000,1009.400000,74.160000,1009.300000,4.730000,1009.200000,94.560000,1009.100000,5.340000,1009.000000,59.720000,1010.000000,7.070000,1010.100000,72.710000,1010.200000,85.770000,1010.300000,31.190000,1010.400000,103.070000,1010.500000,48.780000,1010.600000,13.280000,1010.700000,60.150000,1010.800000,10.160000,1010.900000,14.120000
1759300104.2811408,179249308935,1009.900000,32.450000,1009.800000,15.170000,1009.700000,33.800000,1009.600000,81.160000,1009.500000,33.990000,1009.400000,74.160000,1009.300000,4.730000,1009.200000,94.560000,1009.100000,5.340000,1009.000000,59.720000,1010.000000,5.880000,1010.100000,72.710000,1010.200000,85.770000,1010.300000,31.190000,1010.400000,103.070000,1010.500000,48.780000,1010.600000,13.280000,1010.700000,60.150000,1010.800000,10.160000,1010.900000,14.120000
1759300104.5489626,179249312843,1009.900000,32.720000,1009.800000,15.350000,1009.700000,33.350000,1009.600000,81.160000,1009.500000,33.990000,1009.400000,74.160000,1009.300000,4.730000,1009.200000,94.560000,1009.100000,5.340000,1009.000000,59.720000,1010.000000,5.880000,1010.100000,73.430000,1010.200000,85.770000,1010.300000,31.190000,1010.400000,103.070000,1010.500000,48.780000,1010.600000,13.280000,1010.700000,60.150000,1010.800000,10.160000,1010.900000,14.120000
1759300105.797246,179249328723,1009.900000,32.720000,1009.800000,15.350000,1009.700000,33.350000,1009.600000,81.160000,1009.500000,33.990000,1009.400000,74.160000,1009.300000,4.730000,1009.200000,94.560000,1009.100000,5.340000,1009.000000,59.720000,1010.000000,5.740000,1010.100000,73.430000,1010.200000,85.770000,1010.300000,31.190000,1010.400000,103.070000,1010.500000,48.780000,1010.600000,13.280000,1010.700000,60.150000,1010.800000,10.160000,1010.900000,14.120000
1759300106.301735,179249335625,1009.900000,32.720000,1009.800000,15.350000,1009.700000,32.790000,1009.600000,81.160000,1009.500000,33.990000,1009.400000,74.160000,1009.300000,4.730000,1009.200000,94.560000,1009.100000,5.340000,1009.000000,59.720000,1010.000000,5.740000,1010.100000,73.430000,1010.200000,85.770000,1010.300000,31.190000,1010.400000,103.070000,1010.500000,48.780000,1010.600000,13.280000,1010.700000,60.150000,1010.800000,10.160000,1010.900000,14.120000
1759300106.956668,179249350138,1009.900000,32.720000,1009.800000,15.350000,1009.700000,32.790000,1009.600000,81.160000,1009.500000,33.490000,1009.400000,73.170000,1009.300000,1.270000,1009.200000,94.560000,1009.100000,5.340000,1009.000000,59.720000,1010.000000,5.740000,1010.100000,73.430000,1010.200000,85.770000,1010.300000,31.190000,1010.400000,103.070000,1010.500000,48.780000,1010.600000,13.280000,1010.700000,59.160000,1010.800000,6.700000,1010.900000,14.120000
1759300107.2715757,179249354981,1009.900000,32.720000,1009.800000,15.350000,1009.700000,32.790000,1009.600000,81.160000,1009.500000,33.990000,1009.400000,73.170000,1009.300000,1.270000,1009.200000,94.560000,1009.100000,5.340000,1009.000000,59.720000,1010.000000,5.740000,1010.100000,73.430000,1010.200000,85.770000,1010.300000,31.190000,1010.400000,103.070000,1010.500000,48.780000,1010.600000,13.280000,1010.700000,60.150000,1010.800000,6.700000,1010.900000,14.120000
1759300107.5312607,179249358813,1009.900000,32.720000,1009.800000,15.350000,1009.700000,32.790000,1009.600000,81.160000,1009.500000,33.990000,1009.400000,74.160000,1009.300000,4.730000,1009.200000,94.560000,1009.100000,5.340000,1009.000000,59.720000,1010.000000,5.740000,1010.100000,73.430000,1010.200000,85.770000,1010.300000,31.190000,1010.400000,103.070000,1010.500000,48.780000,1010.600000,13.280000,1010.700000,60.150000,1010.800000,10.160000,1010.900000,14.120000
1759300107.7659001,179249361882,1009.900000,22.010000,1009.800000,14.180000,1009.700000,17.910000,1009.600000,15.770000,1009.500000,99.360000,1009.400000,89.010000,1009.300000,4.730000,1009.200000,79.710000,1009.100000,5.340000,1009.000000,59.720000,1010.000000,140.710000,1010.100000,13.070000,1010.200000,85.740000,1010.300000,31.190000,1010.400000,103.040000,1010.500000,48.780000,1010.600000,13.280000,1010.700000,60.150000,1010.800000,10.160000,1010.900000,14.120000
1759300108.8002863,179249377886,1009.900000,22.010000,1009.800000,14.240000,1009.700000,18.090000,1009.600000,15.810000,1009.500000,99.360000,1009.400000,89.010000,1009.300000,4.730000,1009.200000,79.710000,1009.100000,5.340000,1009.000000,59.720000,1010.000000,142.600000,1010.100000,12.350000,1010.200000,85.770000,1010.300000,31.190000,1010.400000,103.070000,1010.500000,48.780000,1010.600000,13.280000,1010.700000,60.150000,1010.800000,10.160000,1010.900000,14.120000
1759300109.05509,179249377923,1009.900000,22.010000,1009.800000,14.240000,1009.700000,18.090000,1009.600000,15.810000,1009.500000,99.360000,1009.400000,89.010000,1009.300000,4.730000,1009.200000,79.710000,1009.100000,5.340000,1009.000000,59.720000,1010.000000,142.600000,1010.100000,11.960000,1010.200000,85.770000,1010.300000,31.190000,1010.400000,103.070000,1010.500000,48.780000,1010.600000,13.280000,1010.700000,60.150000,1010.800000,10.160000,1010.900000,14.120000
1759300109.36123,179249385679,1009.900000,22.010000,1009.800000,2.730000,1009.700000,18.000000,1009.600000,15.720000,1009.500000,99.360000,1009.400000,89.010000,1009.300000,4.730000,1009.200000,79.710000,1009.100000,5.340000,1009.000000,59.720000,1010.000000,142.600000,1010.100000,11.960000,1010.200000,85.680000,1010.300000,31.190000,1010.400000,102.980000,1010.500000,48.780000,1010.600000,13.280000,1010.700000,60.150000,1010.800000,10.160000,1010.900000,14.120000
1759300109.838721,179249389748,1009.900000,21.750000,1009.800000,2.730000,1009.700000,18.000000,1009.600000,15.720000,1009.500000,99.360000,1009.400000,89.010000,1009.300000,4.730000,1009.200000,79.710000,1009.100000,5.340000,1009.000000,59.720000,1010.000000,142.600000,1010.100000,12.510000,1010.200000,85.680000,1010.300000,31.190000,1010.400000,102.980000,1010.500000,48.780000,1010.600000,13.280000,1010.700000,60.150000,1010.800000,10.160000,1010.900000,14.120000
1759300110.4274518,179249400432,1009.900000,21.750000,1009.800000,2.730000,1009.700000,18.090000,1009.600000,15.810000,1009.500000,99.360000,1009.400000,89.010000,1009.300000,4.730000,1009.200000,79.710000,1009.100000,5.340000,1009.000000,59.720000,1010.000000,142.600000,1010.100000,12.510000,1010.200000,85.770000,1010.300000,31.190000,1010.400000,103.070000,1010.500000,48.780000,1010.600000,13.280000,1010.700000,60.150000,1010.800000,10.160000,1010.900000,14.120000
1759300111.8304672,179249418933,1009.900000,21.750000,1009.800000,2.730000,1009.700000,18.090000,1009.600000,15.810000,1009.500000,99.360000,1009.400000,89.010000,1009.300000,4.730000,1009.200000,79.710000,1009.100000,5.340000,1009.000000,59.720000,1010.000000,142.600000,1010.100000,12.510000,1010.200000,85.770000,1010.300000,31.190000,1010.400000,103.070000,1010.500000,48.780000,1010.600000,13.280000,1010.700000,60.150000,1010.800000,10.160000,1010.900000,14.120000
1759300112.1300519,179249424591,1009.900000,21.750000,1009.800000,2.730000,1009.700000,18.090000,1009.600000,15.810000,1009.500000,98.860000,1009.400000,88.520000,1009.300000,1.270000,1009.200000,79.710000,1009.100000,5.340000,1009.000000,59.720000,1010.000000,142.600000,1010.100000,12.510000,1010.200000,85.770000,1010.300000,31.190000,1010.400000,103.070000,1010.500000,49.280000,1010.600000,12.780000,1010.700000,59.160000,1010.800000,6.700000,1010.900000,14.120000
1759300112.3878868,179249429420,1009.900000,21.750000,1009.800000,2.730000,1009.700000,18.090000,1009.600000,15.810000,1009.500000,98.860000,1009.400000,88.520000,1009.300000,2.260000,1009.200000,79.710000,1009.100000,5.340000,1009.000000,59.720000,1010.000000,142.600000,1010.100000,12.510000,1010.200000,85.770000,1010.300000,31.190000,1010.400000,103.070000,1010.500000,49.280000,1010.600000,13.770000,1010.700000,62.620000,1010.800000,6.700000,1010.900000,14.120000
1759300112.7250445,179249433865,1009.900000,20.940000,1009.800000,2.720000,1009.700000,5.030000,1009.600000,15.810000,1009.500000,98.860000,1009.400000,88.520000,1009.300000,2.260000,1009.200000,83.170000,1009.100000,5.340000,1009.000000,59.720000,1010.000000,164.270000,1010.100000,16.510000,1010.200000,85.770000,1010.300000,31.190000,1010.400000,103.070000,1010.500000,49.280000,1010.600000,13.770000,1010.700000,62.620000,1010.800000,6.700000,1010.900000,14.120000
1759300113.101384,179249436855,1009.900000,20.940000,1009.800000,3.530000,1009.700000,5.120000,1009.600000,16.350000,1009.500000,98.860000,1009.400000,88.520000,1009.300000,2.260000,1009.200000,83.170000,1009.100000,5.340000,1009.000000,59.720000,1010.000000,164.270000,1010.100000,16.510000,1010.200000,85.770000,1010.300000,31.190000,1010.400000,103.070000,1010.500000,49.280000,1010.600000,13.770000,1010.700000,62.620000,1010.800000,6.700000,1010.900000,14.120000
1759300113.4802597,179249443705,1009.900000,20.940000,1009.800000,3.530000,1009.700000,5.120000,1009.600000,16.350000,1009.500000,98.860000,1009.400000,88.520000,1009.300000,2.260000,1009.200000,83.170000,1009.100000,5.340000,1009.000000,59.720000,1010.000000,164.470000,1010.100000,16.510000,1010.200000,85.770000,1010.300000,31.190000,1010.400000,103.070000,1010.500000,49.280000,1010.600000,13.770000,1010.700000,62.620000,1010.800000,6.700000,1010.900000,14.120000
1759300113.8893447,179249452475,1009.900000,20.940000,1009.800000,3.490000,1009.700000,5.060000,1009.600000,16.160000,1009.500000,99.050000,1009.400000,88.520000,1009.300000,2.260000,1009.200000,83.170000,1009.100000,5.340000,1009.000000,59.720000,1010.000000,164.670000,1010.100000,16.510000,1010.200000,85.770000,1010.300000,31.190000,1010.400000,103.070000,1010.500000,49.280000,1010.600000,13.770000,1010.700000,62.620000,1010.800000,6.700000,1010.900000,14.120000
1759300114.2079084,179249454456,1009.900000,20.940000,1009.800000,3.490000,1009.700000,5.060000,1009.600000,16.160000,1009.500000,33.680000,1009.400000,87.030000,1009.300000,2.260000,1009.200000,83.290000,1009.100000,5.340000,1009.000000,126.480000,1010.000000,164.670000,1010.100000,16.510000,1010.200000,85.770000,1010.300000,31.190000,1010.400000,103.070000,1010.500000,49.280000,1010.600000,13.770000,1010.700000,62.620000,1010.800000,6.700000,1010.900000,14.120000
1759300114.891932,179249467658,1009.900000,20.940000,1009.800000,3.490000,1009.700000,5.420000,1009.600000,16.700000,1009.500000,33.680000,1009.400000,87.030000,1009.300000,2.260000,1009.200000,83.290000,1009.100000,5.340000,1009.000000,126.480000,1010.000000,164.670000,1010.100000,16.510000,1010.200000,85.770000,1010.300000,31.190000,1010.400000,103.070000,1010.500000,49.280000,1010.600000,13.770000,1010.700000,62.620000,1010.800000,6.700000,1010.900000,14.120000
1759300115.5341103,179249479522,1009.900000,20.940000,1009.800000,2.670000,1009.700000,3.560000,1009.600000,0.760000,1009.500000,18.340000,1009.400000,21.640000,1009.300000,81.500000,1009.200000,95.180000,1009.100000,5.340000,1009.000000,67.050000,1010.000000,245.510000,1010.100000,8.890000,1010.200000,85.680000,1010.300000,31.690000,1010.400000,36.320000,1010.500000,48.780000,1010.600000,12.780000,1010.700000,59.160000,1010.800000,6.700000,1010.900000,14.120000
1759300115.8229768,179249485583,1009.900000,20.940000,1009.800000,2.670000,1009.700000,3.560000,1009.600000,0.760000,1009.500000,18.340000,1009.400000,21.640000,1009.300000,81.500000,1009.200000,95.180000,1009.100000,6.330000,1009.000000,67.050000,1010.000000,245.510000,1010.100000,8.890000,1010.200000,85.680000,1010.300000,31.690000,1010.400000,37.310000,1010.500000,52.240000,1010.600000,12.780000,1010.700000,19.160000,1010.800000,6.700000,1010.900000,14.120000
1759300116.1441085,179249488055,1009.900000,20.940000,1009.800000,2.670000,1009.700000,3.560000,1009.600000,0.760000,1009.500000,18.340000,1009.400000,21.640000,1009.300000,81.500000,1009.200000,95.180000,1009.100000,6.330000,1009.000000,70.510000,1010.000000,245.530000,1010.100000,8.890000,1010.200000,85.680000,1010.300000,31.690000,1010.400000,37.310000,1010.500000,52.240000,1010.600000,12.780000,1010.700000,19.160000,1010.800000,6.700000,1010.900000,14.120000
1759300116.452558,179249492049,1009.900000,20.940000,1009.800000,2.670000,1009.700000,3.560000,1009.600000,0.760000,1009.500000,18.340000,1009.400000,21.640000,1009.300000,81.500000,1009.200000,95.180000,1009.100000,6.330000,1009.000000,70.510000,1010.000000,285.150000,1010.100000,8.890000,1010.200000,85.680000,1010.300000,31.690000,1010.400000,37.310000,1010.500000,12.620000,1010.600000,12.780000,1010.700000,19.160000,1010.800000,6.700000,1010.900000,14.120000
1759300117.0953135,179249501253,1009.900000,20.940000,1009.800000,2.670000,1009.700000,3.830000,1009.600000,1.030000,1009.500000,18.340000,1009.400000,21.820000,1009.300000,81.500000,1009.200000,95.180000,1009.100000,6.330000,1009.000000,70.510000,1010.000000,285.150000,1010.100000,8.890000,1010.200000,85.680000,1010.300000,31.690000,1010.400000,37.310000,1010.500000,12.620000,1010.600000,12.780000,1010.700000,19.160000,1010.800000,6.700000,1010.900000,14.120000
1759300117.482607,179249507859,1009.900000,20.940000,1009.800000,2.670000,1009.700000,4.190000,1009.600000,1.480000,1009.500000,19.510000,1009.400000,21.910000,1009.300000,81.500000,1009.200000,95.180000,1009.100000,6.330000,1009.000000,70.510000,1010.000000,284.610000,1010.100000,8.890000,1010.200000,85.680000,1010.300000,31.690000,1010.400000,37.310000,1010.500000,12.620000,1010.600000,12.780000,1010.700000,19.160000,1010.800000,6.700000,1010.900000,14.120000
1759300117.7339187,179249513201,1009.900000,20.400000,1009.800000,2.670000,1009.700000,4.190000,1009.600000,1.480000,1009.500000,19.510000,1009.400000,21.910000,1009.300000,81.500000,1009.200000,95.180000,1009.100000,6.330000,1009.000000,70.510000,1010.000000,284.610000,1010.100000,8.890000,1010.200000,85.680000,1010.300000,31.690000,1010.400000,37.290000,1010.500000,12.620000,1010.600000,12.780000,1010.700000,19.160000,1010.800000,6.700000,1010.900000,14.120000
1759300118.0016525,179249513523,1009.900000,20.400000,1009.800000,2.670000,1009.700000,4.190000,1009.600000,1.480000,1009.500000,19.510000,1009.400000,21.910000,1009.300000,81.500000,1009.200000,95.180000,1009.100000,6.330000,1009.000000,70.510000,1010.000000,284.610000,1010.100000,8.890000,1010.200000,85.680000,1010.300000,31.690000,1010.400000,37.310000,1010.500000,12.620000,1010.600000,12.780000,1010.700000,19.160000,1010.800000,6.700000,1010.900000,14.120000
1759300118.874516,179249527696,1009.900000,20.190000,1009.800000,2.670000,1009.700000,4.160000,1009.600000,1.450000,1009.500000,19.510000,1009.400000,21.910000,1009.300000,81.500000,1009.200000,95.180000,1009.100000,6.330000,1009.000000,70.510000,1010.000000,284.610000,1010.100000,8.890000,1010.200000,85.650000,1010.300000,31.690000,1010.400000,37.280000,1010.500000,52.620000,1010.600000,12.780000,1010.700000,19.160000,1010.800000,6.700000,1010.900000,14.120000
1759300119.4003723,179249532714,1009.900000,20.190000,1009.800000,2.670000,1009.700000,4.160000,1009.600000,1.450000,1009.500000,34.360000,1009.400000,21.910000,1009.300000,81.500000,1009.200000,80.330000,1009.100000,6.330000,1009.000000,70.510000,1010.000000,284.610000,1010.100000,8.890000,1010.200000,85.650000,1010.300000,31.690000,1010.400000,37.280000,1010.500000,52.620000,1010.600000,12.780000,1010.700000,19.160000,1010.800000,6.700000,1010.900000,14.120000
1759300119.8239715,179249538685,1009.900000,20.190000,1009.800000,2.670000,1009.700000,4.250000,1009.600000,1.810000,1009.500000,33.910000,1009.400000,21.910000,1009.300000,81.500000,1009.200000,80.330000,1009.100000,6.330000,1009.000000,70.510000,1010.000000,285.150000,1010.100000,8.890000,1010.200000,85.650000,1010.300000,31.690000,1010.400000,37.280000,1010.500000,52.620000,1010.600000,12.780000,1010.700000,19.160000,1010.800000,6.700000,1010.900000,14.120000
1759300120.123027,179249542908,1009.900000,20.190000,1009.800000,2.670000,1009.700000,4.280000,1009.600000,1.840000,1009.500000,33.910000,1009.400000,21.910000,1009.300000,81.500000,1009.200000,80.330000,1009.100000,6.330000,1009.000000,70.510000,1010.000000,285.150000,1010.100000,8.890000,1010.200000,85.680000,1010.300000,31.690000,1010.400000,37.310000,1010.500000,52.620000,1010.600000,12.780000,1010.700000,19.160000,1010.800000,6.700000,1010.900000,14.120000
1759300120.4638102,179249550664,1009.900000,20.190000,1009.800000,2.670000,1009.700000,4.190000,1009.600000,1.750000,1009.500000,33.910000,1009.400000,21.910000,1009.300000,81.500000,1009.200000,79.830000,1009.100000,5.340000,1009.000000,67.050000,1010.000000,283.770000,1010.100000,8.890000,1010.200000,85.590000,1010.300000,31.690000,1010.400000,36.230000,1010.500000,49.160000,1010.600000,12.780000,1010.700000,19.160000,1010.800000,6.700000,1010.900000,14.120000
1759300120.7468176,179249554122,1009.900000,20.190000,1009.800000,2.670000,1009.700000,4.190000,1009.600000,1.750000,1009.500000,33.910000,1009.400000,21.910000,1009.300000,81.500000,1009.200000,80.330000,1009.100000,6.330000,1009.000000,67.050000,1010.000000,285.150000,1010.100000,8.890000,1010.200000,85.590000,1010.300000,31.690000,1010.400000,37.220000,1010.500000,49.160000,1010.600000,12.780000,1010.700000,19.160000,1010.800000,6.700000,1010.900000,14.120000
1759300120.999119,179249557645,1009.900000,15.920000,1009.800000,2.670000,1009.700000,4.190000,1009.600000,1.750000,1009.500000,33.910000,1009.400000,21.910000,1009.300000,81.500000,1009.200000,80.330000,1009.100000,6.330000,1009.000000,70.510000,1010.000000,285.150000,1010.100000,8.890000,1010.200000,85.590000,1010.300000,31.690000,1010.400000,37.220000,1010.500000,52.620000,1010.600000,12.780000,1010.700000,19.160000,1010.800000,6.700000,1010.900000,14.120000
1759300121.2716422,179249558614,1009.900000,15.580000,1009.800000,2.670000,1009.700000,4.190000,1009.600000,1.750000,1009.500000,33.910000,1009.400000,21.910000,1009.300000,81.500000,1009.200000,80.330000,1009.100000,6.330000,1009.000000,70.510000,1010.000000,284.970000,1010.100000,8.890000,1010.200000,85.590000,1010.300000,31.690000,1010.400000,37.220000,1010.500000,52.620000,1010.600000,12.780000,1010.700000,19.160000,1010.800000,6.700000,1010.900000,14.120000
1759300121.5475075,179249564384,1009.900000,15.580000,1009.800000,2.670000,1009.700000,4.250000,1009.600000,1.810000,1009.500000,33.910000,1009.400000,21.910000,1009.300000,81.500000,1009.200000,80.330000,1009.100000,6.330000,1009.000000,70.510000,1010.000000,284.970000,1010.100000,8.890000,1010.200000,85.650000,1010.300000,31.690000,1010.400000,37.280000,1010.500000,52.620000,1010.600000,12.780000,1010.700000,19.160000,1010.800000,6.700000,1010.900000,14.120000
1759300121.7916934,179249567646,1009.900000,15.580000,1009.800000,2.670000,1009.700000,4.280000,1009.600000,1.840000,1009.500000,33.910000,1009.400000,21.910000,1009.300000,81.500000,1009.200000,80.330000,1009.100000,6.330000,1009.000000,70.510000,1010.000000,284.970000,1010.100000,8.890000,1010.200000,85.680000,1010.300000,31.690000,1010.400000,37.310000,1010.500000,52.620000,1010.600000,12.780000,1010.700000,19.160000,1010.800000,6.700000,1010.900000,14.120000
1759300124.1302588,179249600698,1009.900000,15.580000,1009.800000,2.670000,1009.700000,4.280000,1009.600000,1.840000,1009.500000,33.910000,1009.400000,21.910000,1009.300000,81.500000,1009.200000,80.330000,1009.100000,6.330000,1009.000000,70.510000,1010.000000,284.970000,1010.100000,8.890000,1010.200000,85.680000,1010.300000,31.690000,1010.400000,37.310000,1010.500000,52.620000,1010.600000,12.780000,1010.700000,19.160000,1010.800000,6.700000,1010.900000,14.120000
1759300125.6954966,179249623589,1009.900000,15.580000,1009.800000,2.670000,1009.700000,4.280000,1009.600000,1.840000,1009.500000,33.910000,1009.400000,21.910000,1009.300000,81.500000,1009.200000,80.330000,1009.100000,5.340000,1009.000000,67.050000,1010.000000,284.970000,1010.100000,8.890000,1010.200000,85.680000,1010.300000,31.690000,1010.400000,36.320000,1010.500000,49.160000,1010.600000,12.780000,1010.700000,19.160000,1010.800000,6.700000,1010.900000,14.120000
1759300125.9521725,179249628059,1009.900000,15.580000,1009.800000,2.670000,1009.700000,4.280000,1009.600000,1.840000,1009.500000,33.910000,1009.400000,21.910000,1009.300000,81.500000,1009.200000,80.330000,1009.100000,6.330000,1009.000000,67.050000,1010.000000,284.970000,1010.100000,8.890000,1010.200000,85.680000,1010.300000,31.690000,1010.400000,37.310000,1010.500000,52.620000,1010.600000,12.780000,1010.700000,19.160000,1010.800000,6.700000,1010.900000,14.120000
1759300126.284227,179249629570,1009.900000,15.580000,1009.800000,2.670000,1009.700000,4.280000,1009.600000,1.840000,1009.500000,33.910000,1009.400000,21.910000,1009.300000,81.500000,1009.200000,80.330000,1009.100000,6.330000,1009.000000,70.510000,1010.000000,284.970000,1010.100000,8.890000,1010.200000,85.680000,1010.300000,31.690000,1010.400000,37.310000,1010.500000,52.620000,1010.600000,12.780000,1010.700000,19.160000,1010.800000,6.700000,1010.900000,14.120000
1759300127.0837924,179249644083,1009.900000,15.580000,1009.800000,2.670000,1009.700000,4.280000,1009.600000,1.840000,1009.500000,33.910000,1009.400000,21.910000,1009.300000,81.500000,1009.200000,80.330000,1009.100000,6.330000,1009.000000,70.510000,1010.000000,284.260000,1010.100000,8.890000,1010.200000,85.680000,1010.300000,31.690000,1010.400000,37.310000,1010.500000,52.620000,1010.600000,12.780000,1010.700000,19.160000,1010.800000,6.700000,1010.900000,14.120000
1759300127.351247,179249644364,1009.900000,15.580000,1009.800000,2.670000,1009.700000,4.280000,1009.600000,1.840000,1009.500000,33.910000,1009.400000,21.910000,1009.300000,81.500000,1009.200000,80.330000,1009.100000,6.330000,1009.000000,70.510000,1010.000000,284.390000,1010.100000,8.890000,1010.200000,85.680000,1010.300000,31.690000,1010.400000,37.310000,1010.500000,52.620000,1010.600000,12.780000,1010.700000,19.160000,1010.800000,6.700000,1010.900000,14.120000
1759300127.654301,179249650281,1009.900000,15.580000,1009.800000,2.670000,1009.700000,4.280000,1009.600000,1.840000,1009.500000,33.910000,1009.400000,21.910000,1009.300000,81.500000,1009.200000,80.330000,1009.100000,6.330000,1009.000000,70.510000,1010.000000,284.310000,1010.100000,8.890000,1010.200000,85.680000,1010.300000,31.690000,1010.400000,37.310000,1010.500000,52.620000,1010.600000,12.780000,1010.700000,19.160000,1010.800000,6.700000,1010.900000,14.120000
1759300128.0700002,179249654284,1009.900000,15.580000,1009.800000,2.670000,1009.700000,4.280000,1009.600000,1.840000,1009.500000,33.910000,1009.400000,21.910000,1009.300000,81.500000,1009.200000,80.330000,1009.100000,6.330000,1009.000000,70.510000,1010.000000,284.460000,1010.100000,8.890000,1010.200000,85.680000,1010.300000,31.690000,1010.400000,37.310000,1010.500000,52.620000,1010.600000,12.780000,1010.700000,19.160000,1010.800000,6.700000,1010.900000,14.120000
1759300128.5295267,179249662968,1009.900000,15.580000,1009.800000,2.670000,1009.700000,4.280000,1009.600000,1.840000,1009.500000,33.910000,1009.400000,21.910000,1009.300000,81.500000,1009.200000,80.330000,1009.100000,6.330000,1009.000000,70.510000,1010.000000,284.280000,1010.100000,8.890000,1010.200000,85.680000,1010.300000,31.690000,1010.400000,37.310000,1010.500000,52.620000,1010.600000,12.780000,1010.700000,19.160000,1010.800000,6.700000,1010.900000,14.120000
1759300129.0083551,179249670749,1009.900000,15.580000,1009.800000,2.670000,1009.700000,4.280000,1009.600000,1.840000,1009.500000,33.910000,1009.400000,21.910000,1009.300000,81.500000,1009.200000,80.330000,1009.100000,6.330000,1009.000000,70.510000,1010.000000,284.280000,1010.100000,8.890000,1010.200000,85.680000,1010.300000,31.690000,1010.400000,37.310000,1010.500000,52.620000,1010.600000,12.780000,1010.700000,19.160000,1010.800000,6.700000,1010.900000,14.120000
1759300130.2861073,179249689313,1009.900000,15.580000,1009.800000,2.670000,1009.700000,4.250000,1009.600000,1.810000,1009.500000,33.910000,1009.400000,21.910000,1009.300000,81.500000,1009.200000,80.330000,1009.100000,6.330000,1009.000000,70.510000,1010.000000,284.280000,1010.100000,8.890000,1010.200000,85.650000,1010.300000,31.690000,1010.400000,37.280000,1010.500000,52.620000,1010.600000,12.780000,1010.700000,19.160000,1010.800000,6.700000,1010.900000,14.120000
1759300130.7751014,179249698674,1009.900000,15.580000,1009.800000,2.670000,1009.700000,4.250000,1009.600000,1.810000,1009.500000,33.910000,1009.400000,21.910000,1009.300000,81.500000,1009.200000,80.330000,1009.100000,5.340000,1009.000000,67.050000,1010.000000,284.110000,1010.100000,8.890000,1010.200000,85.650000,1010.300000,31.690000,1010.400000,37.280000,1010.500000,49.160000,1010.600000,12.780000,1010.700000,19.160000,1010.800000,6.700000,1010.900000,14.120000
1759300131.10734,179249704648,1009.900000,16.150000,1009.800000,2.670000,1009.700000,4.250000,1009.600000,1.810000,1009.500000,33.910000,1009.400000,21.910000,1009.300000,81.500000,1009.200000,80.330000,1009.100000,6.330000,1009.000000,70.510000,1010.000000,284.460000,1010.100000,8.890000,1010.200000,85.650000,1010.300000,31.690000,1010.400000,37.280000,1010.500000,52.620000,1010.600000,12.780000,1010.700000,19.160000,1010.800000,6.700000,1010.900000,14.120000
1759300131.3737032,179249706247,1009.900000,15.580000,1009.800000,2.670000,1009.700000,4.280000,1009.600000,1.840000,1009.500000,33.910000,1009.400000,21.910000,1009.300000,81.500000,1009.200000,80.330000,1009.100000,6.330000,1009.000000,70.510000,1010.000000,283.550000,1010.100000,8.890000,1010.200000,85.680000,1010.300000,31.690000,1010.400000,37.310000,1010.500000,52.620000,1010.600000,12.780000,1010.700000,19.160000,1010.800000,6.700000,1010.900000,14.120000
1759300131.7094893,179249711338,1009.900000,15.580000,1009.800000,2.670000,1009.700000,4.220000,1009.600000,1.780000,1009.500000,33.910000,1009.400000,21.910000,1009.300000,81.500000,1009.200000,80.330000,1009.100000,6.330000,1009.000000,70.510000,1010.000000,284.460000,1010.100000,8.890000,1010.200000,85.620000,1010.300000,31.690000,1010.400000,37.250000,1010.500000,52.620000,1010.600000,12.780000,1010.700000,19.160000,1010.800000,6.700000,1010.900000,14.120000
1759300131.9769287,179249713581,1009.900000,15.580000,1009.800000,2.670000,1009.700000,4.190000,1009.600000,1.750000,1009.500000,33.910000,1009.400000,21.910000,1009.300000,81.500000,1009.200000,80.330000,1009.100000,6.330000,1009.000000,70.510000,1010.000000,284.460000,1010.100000,8.890000,1010.200000,85.590000,1010.300000,31.690000,1010.400000,37.220000,1010.500000,52.620000,1010.600000,12.780000,1010.700000,19.160000,1010.800000,6.700000,1010.900000,14.120000
1759300132.2562788,179249719614,1009.900000,15.580000,1009.800000,2.670000,1009.700000,4.190000,1009.600000,1.750000,1009.500000,33.910000,1009.400000,21.910000,1009.300000,81.500000,1009.200000,80.330000,1009.100000,6.330000,1009.000000,70.510000,1010.000000,284.460000,1010.100000,8.890000,1010.200000,85.590000,1010.300000,31.690000,1010.400000,37.220000,1010.500000,52.620000,1010.600000,12.780000,1010.700000,19.160000,1010.800000,6.700000,1010.900000,14.120000
1759300132.7003038,179249727142,1009.900000,15.580000,1009.800000,2.670000,1009.700000,4.250000,1009.600000,1.810000,1009.500000,33.910000,1009.400000,21.910000,1009.300000,81.500000,1009.200000,80.330000,1009.100000,6.330000,1009.000000,70.510000,1010.000000,284.280000,1010.100000,8.890000,1010.200000,85.650000,1010.300000,31.690000,1010.400000,37.280000,1010.500000,52.620000,1010.600000,12.780000,1010.700000,19.160000,1010.800000,6.700000,1010.900000,14.120000
1759300133.0613854,179249729549,1009.900000,15.580000,1009.800000,2.670000,1009.700000,4.280000,1009.600000,1.840000,1009.500000,33.910000,1009.400000,21.910000,1009.300000,81.500000,1009.200000,80.330000,1009.100000,6.330000,1009.000000,70.510000,1010.000000,284.280000,1010.100000,8.890000,1010.200000,85.680000,1010.300000,31.690000,1010.400000,37.310000,1010.500000,52.620000,1010.600000,12.780000,1010.700000,19.160000,1010.800000,6.700000,1010.900000,14.120000
1759300133.4175432,179249734652,1009.900000,15.580000,1009.800000,2.670000,1009.700000,4.280000,1009.600000,1.840000,1009.500000,33.910000,1009.400000,21.910000,1009.300000,81.500000,1009.200000,80.330000,1009.100000,6.330000,1009.000000,70.510000,1010.000000,284.280000,1010.100000,8.890000,1010.200000,85.680000,1010.300000,31.690000,1010.400000,37.310000,1010.500000,52.620000,1010.600000,12.780000,1010.700000,19.160000,1010.800000,6.700000,1010.900000,14.120000
1759300133.7520788,179249739171,1009.900000,15.580000,1009.800000,2.670000,1009.700000,4.280000,1009.600000,1.840000,1009.500000,33.910000,1009.400000,21.910000,1009.300000,81.500000,1009.200000,80.330000,1009.100000,6.330000,1009.000000,70.510000,1010.000000,283.550000,1010.100000,8.890000,1010.200000,85.680000,1010.300000,31.690000,1010.400000,37.310000,1010.500000,52.620000,1010.600000,12.780000,1010.700000,19.160000,1010.800000,6.700000,1010.900000,14.120000
1759300134.0865288,179249743976,1009.900000,15.580000,1009.800000,2.670000,1009.700000,4.280000,1009.600000,1.840000,1009.500000,33.910000,1009.400000,21.910000,1009.300000,81.500000,1009.200000,80.330000,1009.100000,6.330000,1009.000000,70.510000,1010.000000,284.410000,1010.100000,8.890000,1010.200000,85.680000,1010.300000,31.690000,1010.400000,37.310000,1010.500000,52.620000,1010.600000,12.780000,1010.700000,19.160000,1010.800000,6.700000,1010.900000,14.120000
1759300135.825643,179249772190,1009.900000,15.580000,1009.800000,2.670000,1009.700000,3.560000,1009.600000,1.840000,1009.500000,33.550000,1009.400000,21.620000,1009.300000,81.790000,1009.200000,80.330000,1009.100000,6.330000,1009.000000,67.050000,1010.000000,301.430000,1010.100000,8.890000,1010.200000,85.490000,1010.300000,31.690000,1010.400000,36.320000,1010.500000,49.160000,1010.600000,12.780000,1010.700000,19.160000,1010.800000,6.700000,1010.900000,14.120000
1759300136.1331618,179249775548,1009.900000,13.600000,1009.800000,2.670000,1009.700000,3.560000,1009.600000,2.110000,1009.500000,33.550000,1009.400000,21.620000,1009.300000,81.790000,1009.200000,80.330000,1009.100000,6.330000,1009.000000,70.510000,1010.000000,301.250000,1010.100000,8.890000,1010.200000,85.490000,1010.300000,31.690000,1010.400000,37.310000,1010.500000,49.160000,1010.600000,12.780000,1010.700000,19.160000,1010.800000,6.700000,1010.900000,14.120000
1759300136.3925624,179249780556,1009.900000,11.440000,1009.800000,2.670000,1009.700000,3.560000,1009.600000,1.750000,1009.500000,33.190000,1009.400000,21.430000,1009.300000,16.600000,1009.200000,78.850000,1009.100000,6.330000,1009.000000,70.630000,1010.000000,276.860000,1010.100000,8.890000,1010.200000,85.490000,1010.300000,31.030000,1010.400000,37.310000,1010.500000,52.620000,1010.600000,12.780000,1010.700000,19.160000,1010.800000,6.700000,1010.900000,14.120000
1759300136.6201015,179249783840,1009.900000,11.440000,1009.800000,2.670000,1009.700000,3.560000,1009.600000,2.560000,1009.500000,33.550000,1009.400000,21.790000,1009.300000,16.600000,1009.200000,78.850000,1009.100000,6.330000,1009.000000,70.630000,1010.000000,300.670000,1010.100000,8.890000,1010.200000,85.490000,1010.300000,31.030000,1010.400000,37.310000,1010.500000,52.620000,1010.600000,12.780000,1010.700000,19.160000,1010.800000,6.700000,1010.900000,14.120000
1759300136.8633235,179249787846,1009.900000,9.370000,1009.800000,2.670000,1009.700000,3.560000,1009.600000,2.560000,1009.500000,33.550000,1009.400000,21.980000,1009.300000,81.790000,1009.200000,13.460000,1009.100000,6.330000,1009.000000,70.630000,1010.000000,299.690000,1010.100000,9.270000,1010.200000,85.490000,1010.300000,31.030000,1010.400000,37.310000,1010.500000,52.620000,1010.600000,12.780000,1010.700000,19.160000,1010.800000,6.700000,1010.900000,14.120000
1759311938.8464108,179444086636,1032.900000,3.550000,1032.800000,24.200000,1032.700000,2.020000,1032.600000,19.130000,1032.500000,18.140000,1032.400000,15.440000,1032.300000,14.650000,1032.200000,42.540000,1032.100000,28.330000,1032.000000,56.540000,1033.000000,10.270000,1033.100000,8.880000,1033.200000,18.190000,1033.300000,31.410000,1033.400000,60.150000,1033.500000,92.080000,1033.600000,8.980000,1033.700000,16.470000,1033.800000,415.310000,1033.900000,1.390000
1759311942.1848722,179444136983,1033.000000,33.880000,1032.900000,4.180000,1032.800000,35.540000,1032.700000,2.500000,1032.600000,19.210000,1032.500000,18.180000,1032.400000,15.440000,1032.300000,15.010000,1032.200000,42.730000,1032.100000,28.140000,1033.100000,18.360000,1033.200000,4.150000,1033.300000,31.490000,1033.400000,60.150000,1033.500000,106.620000,1033.600000,8.960000,1033.700000,16.470000,1033.800000,415.310000,1033.900000,1.390000,1034.000000,6.680000
1759311942.544602,179444140114,1033.000000,33.880000,1032.900000,4.180000,1032.800000,35.540000,1032.700000,2.520000,1032.600000,19.190000,1032.500000,18.180000,1032.400000,15.440000,1032.300000,15.010000,1032.200000,42.730000,1032.100000,28.140000,1033.100000,18.360000,1033.200000,4.150000,1033.300000,31.490000,1033.400000,60.150000,1033.500000,106.600000,1033.600000,8.980000,1033.700000,16.470000,1033.800000,415.310000,1033.900000,1.390000,1034.000000,6.680000
1759311943.3451946,179444153728,1033.000000,33.880000,1032.900000,4.180000,1032.800000,35.540000,1032.700000,2.520000,1032.600000,19.190000,1032.500000,18.180000,1032.400000,15.440000,1032.300000,15.010000,1032.200000,41.760000,1032.100000,24.750000,1033.100000,18.360000,1033.200000,4.150000,1033.300000,31.970000,1033.400000,59.670000,1033.500000,105.630000,1033.600000,5.590000,1033.700000,16.470000,1033.800000,415.310000,1033.900000,1.390000,1034.000000,6.680000
1759311943.6076202,179444158037,1033.000000,33.880000,1032.900000,4.180000,1032.800000,35.540000,1032.700000,2.520000,1032.600000,19.190000,1032.500000,18.180000,1032.400000,15.440000,1032.300000,15.010000,1032.200000,42.730000,1032.100000,24.750000,1033.100000,18.360000,1033.200000,4.150000,1033.300000,31.970000,1033.400000,60.640000,1033.500000,109.020000,1033.600000,5.590000,1033.700000,16.470000,1033.800000,415.310000,1033.900000,1.390000,1034.000000,6.680000
