unix_timestamp,bid,ask,mid
1759175614.6522408,1.8483,1.8487,1.848500
1759175621.845546,1.848,1.8481,1.848050
1759175622.107185,1.848,1.8481,1.848050
1759175622.3665051,1.849,1.8491,1.849050
1759175622.6101127,1.849,1.8491,1.849050
1759175622.8595977,1.849,1.8491,1.849050
1759175623.1250815,1.849,1.8491,1.849050
1759175623.3757248,1.849,1.8491,1.849050
1759175623.6433032,1.849,1.8491,1.849050
1759175623.9160178,1.849,1.8491,1.849050
1759175624.191664,1.849,1.8491,1.849050
1759175624.4764795,1.849,1.8491,1.849050
1759175624.7319815,1.849,1.8491,1.849050
1759175624.9971025,1.849,1.8491,1.849050
1759175625.2737532,1.8488,1.8489,1.848850
1759175625.5543861,1.8487,1.8489,1.848800
1759175625.834104,1.8487,1.8488,1.848750
1759175626.0591843,1.8487,1.8488,1.848750
1759175626.315133,1.8487,1.8488,1.848750
1759175626.5740142,1.8487,1.8488,1.848750
1759175626.8540137,1.8487,1.8488,1.848750
1759175627.124469,1.8486,1.8488,1.848700
1759175627.4284759,1.8486,1.8487,1.848650
1759175627.6804307,1.8486,1.8487,1.848650
1759175627.9923131,1.8486,1.8487,1.848650
1759175628.2680218,1.8486,1.8487,1.848650
1759175628.5203214,1.8486,1.8487,1.848650
1759175628.7804341,1.8486,1.8487,1.848650
1759175629.0334423,1.8486,1.8487,1.848650
1759175629.2967353,1.8486,1.8487,1.848650
1759175629.5912852,1.8486,1.8487,1.848650
1759175629.8542016,1.8485,1.8486,1.848550
1759175630.1146774,1.8485,1.8486,1.848550
1759175630.4084902,1.8485,1.8486,1.848550
1759175630.666084,1.8485,1.8486,1.848550
1759175630.9279163,1.8485,1.8486,1.848550
1759175631.2314026,1.8485,1.8486,1.848550
1759175631.4937928,1.8485,1.8486,1.848550
1759175631.7941244,1.8484,1.8486,1.848500
1759175632.1051407,1.8484,1.8486,1.848500
1759175632.3545537,1.8485,1.8486,1.848550
1759175632.6549125,1.8485,1.8486,1.848550
1759175632.9202101,1.8485,1.8486,1.848550
1759175633.210722,1.8485,1.8486,1.848550
1759175633.5403068,1.8482,1.8486,1.848400
1759175633.7871332,1.8481,1.8485,1.848300
1759175634.0450447,1.8481,1.8482,1.848150
1759175634.4052353,1.8481,1.8482,1.848150
1759175634.7267396,1.8481,1.8482,1.848150
1759175635.1825454,1.8481,1.8482,1.848150
1759175635.5029066,1.8481,1.8482,1.848150
1759175635.7670522,1.8481,1.8482,1.848150
1759175636.0401373,1.8481,1.8482,1.848150
1759175636.500349,1.8481,1.8482,1.848150
1759175637.1495545,1.8481,1.8482,1.848150
1759175637.4150937,1.8481,1.8482,1.848150
1759175637.745215,1.8481,1.8482,1.848150
1759175638.0012648,1.8481,1.8482,1.848150
1759175638.3010497,1.8481,1.8482,1.848150
1759175638.5848465,1.8485,1.8487,1.848600
1759175638.8397398,1.8485,1.8488,1.848650
1759175639.098304,1.8485,1.8488,1.848650
1759175639.3651316,1.8485,1.8488,1.848650
1759175639.8528686,1.8485,1.8487,1.848600
1759175640.1227055,1.8485,1.8487,1.848600
1759175640.5685403,1.8485,1.8487,1.848600
1759175640.8190694,1.8485,1.8487,1.848600
1759175641.0797002,1.8485,1.8487,1.848600
1759175641.333862,1.8485,1.8487,1.848600
1759175641.6700919,1.8488,1.8496,1.849200
1759175641.9212427,1.8497,1.85,1.849850
1759175642.173852,1.8506,1.8507,1.850650
1759175642.4237478,1.8506,1.8507,1.850650
1759175642.6795182,1.851,1.8511,1.851050
1759175642.9286811,1.851,1.8511,1.851050
1759175643.2076604,1.851,1.8511,1.851050
1759175643.4370372,1.8509,1.851,1.850950
1759175643.6851246,1.8512,1.8513,1.851250
1759175643.94099,1.8513,1.8514,1.851350
1759175644.2364423,1.8513,1.8514,1.851350
1759175644.5031576,1.8513,1.8514,1.851350
1759175644.982914,1.8513,1.8514,1.851350
1759175645.421977,1.8513,1.8514,1.851350
1759175645.7938821,1.8513,1.8514,1.851350
1759175646.0654252,1.8513,1.8514,1.851350
1759175646.3156655,1.8513,1.8514,1.851350
1759175646.5801144,1.8513,1.8514,1.851350
1759175646.8298116,1.8516,1.8517,1.851650
1759175647.0826023,1.8516,1.8517,1.851650
1759175647.3335521,1.8516,1.8517,1.851650
1759175647.6259549,1.8516,1.8517,1.851650
1759175647.9060037,1.8516,1.8517,1.851650
1759175648.3358352,1.8516,1.8517,1.851650
1759175648.5903614,1.8514,1.8515,1.851450
1759175648.8492613,1.8514,1.8515,1.851450
1759175649.1033704,1.8514,1.8515,1.851450
1759175649.398151,1.8519,1.852,1.851950
1759175649.6493323,1.8519,1.852,1.851950
1759175649.927867,1.8519,1.852,1.851950
1759175650.221582,1.8519,1.852,1.851950
1759175650.49255,1.8519,1.852,1.851950
1759175650.757624,1.8519,1.852,1.851950
1759175651.0100844,1.8524,1.8525,1.852450
1759175651.260122,1.8524,1.8525,1.852450
1759175651.5125,1.8527,1.8528,1.852750
1759175651.7685633,1.8529,1.853,1.852950
1759175652.062362,1.8529,1.853,1.852950
1759175652.316726,1.8529,1.853,1.852950
1759175652.6247954,1.853,1.8531,1.853050
1759175652.8281436,1.853,1.8531,1.853050
1759175653.0808659,1.8531,1.8532,1.853150
1759175653.337905,1.8531,1.8532,1.853150
1759175653.5941176,1.8531,1.8532,1.853150
1759175653.8570304,1.8531,1.8532,1.853150
1759175654.1299224,1.8536,1.8538,1.853700
1759175654.3786626,1.8536,1.8537,1.853650
1759175654.6271946,1.8536,1.8537,1.853650
1759175654.8965907,1.8536,1.8537,1.853650
1759175655.2445588,1.8535,1.8537,1.853600
1759175655.460834,1.8534,1.8536,1.853500
1759175655.7384603,1.8535,1.8536,1.853550
1759175655.9891794,1.8532,1.8535,1.853350
1759175656.2671325,1.8532,1.8533,1.853250
1759175656.5187936,1.8532,1.8533,1.853250
1759175656.7725658,1.8531,1.8532,1.853150
1759175657.0265436,1.8531,1.8532,1.853150
1759175657.2888582,1.8531,1.8532,1.853150
1759175657.5747466,1.8528,1.8532,1.853000
1759175657.8362823,1.8528,1.8529,1.852850
1759175658.0870047,1.8528,1.8529,1.852850
1759175658.4190116,1.8528,1.8529,1.852850
1759175658.735019,1.8528,1.8529,1.852850
1759175659.0684805,1.8528,1.8529,1.852850
1759175659.3435795,1.8526,1.8528,1.852700
1759175659.6198459,1.8526,1.8527,1.852650
1759175659.9411187,1.8526,1.8527,1.852650
1759175660.1194062,1.8526,1.8527,1.852650
1759175660.376993,1.8522,1.8526,1.852400
1759175660.6259575,1.8522,1.8523,1.852250
1759175660.8813796,1.8522,1.8523,1.852250
1759175661.1314635,1.8526,1.8527,1.852650
1759175661.390837,1.8526,1.853,1.852800
1759175661.6327171,1.8529,1.853,1.852950
1759175661.8977587,1.8529,1.853,1.852950
1759175662.1499968,1.8529,1.853,1.852950
1759175662.4242077,1.8529,1.853,1.852950
1759175662.8424752,1.8529,1.853,1.852950
1759175663.1810944,1.8529,1.853,1.852950
1759175663.440039,1.8529,1.853,1.852950
1759175663.6936378,1.8529,1.8532,1.853050
1759175663.9478877,1.8531,1.8532,1.853150
1759175664.2268608,1.8533,1.8534,1.853350
1759175664.4552763,1.8533,1.8534,1.853350
1759175664.7177708,1.8534,1.8535,1.853450
1759175664.97496,1.8534,1.8535,1.853450
1759175665.3059676,1.8534,1.8535,1.853450
1759175665.8667808,1.8534,1.8535,1.853450
1759175666.2741487,1.8534,1.8535,1.853450
1759175666.710901,1.8534,1.8535,1.853450
1759175666.9692614,1.8534,1.8535,1.853450
1759175667.344714,1.8533,1.8535,1.853400
1759175667.5418506,1.8533,1.8534,1.853350
1759175667.8008616,1.8533,1.8534,1.853350
1759175668.0601854,1.8533,1.8534,1.853350
1759175668.365831,1.8533,1.8534,1.853350
1759175668.6332142,1.8534,1.8536,1.853500
1759175668.9011636,1.8535,1.8536,1.853550
1759175669.2018611,1.8536,1.8537,1.853650
1759175669.4241784,1.8536,1.8537,1.853650
1759175669.6778839,1.8536,1.8537,1.853650
1759175669.9571605,1.8536,1.8537,1.853650
1759175670.2691813,1.8536,1.8537,1.853650
1759175670.5576296,1.8536,1.8537,1.853650
1759175670.8806343,1.8536,1.8537,1.853650
1759175671.3247702,1.8537,1.854,1.853850
1759175671.5713613,1.8539,1.854,1.853950
1759175671.8228195,1.8539,1.854,1.853950
1759175672.071998,1.8539,1.854,1.853950
1759175672.3538053,1.8539,1.854,1.853950
1759175672.606374,1.8539,1.854,1.853950
1759175672.8527153,1.8539,1.854,1.853950
1759175673.1098053,1.8539,1.854,1.853950
1759175673.3599405,1.8539,1.854,1.853950
1759175673.7534127,1.8539,1.854,1.853950
1759175674.1014423,1.8539,1.854,1.853950
1759175674.354919,1.8539,1.854,1.853950
1759175674.6048663,1.8544,1.8545,1.854450
1759175674.9098232,1.8547,1.8548,1.854750
1759175675.1246665,1.8547,1.8548,1.854750
1759175675.3734195,1.8548,1.8549,1.854850
1759175675.6245394,1.8548,1.8549,1.854850
1759175675.88689,1.8548,1.8549,1.854850
1759175676.1501942,1.8548,1.8549,1.854850
1759175676.4681177,1.8548,1.8549,1.854850
1759175676.751587,1.8548,1.8549,1.854850
1759175677.061045,1.8548,1.8549,1.854850
1759175677.4038646,1.8548,1.8549,1.854850
1759175677.7516701,1.8548,1.8549,1.854850
1759175678.0703542,1.8548,1.8549,1.854850
1759175678.330383,1.8548,1.8549,1.854850
1759175678.6539211,1.8548,1.8549,1.854850
1759175678.9999142,1.8548,1.8549,1.854850
1759175679.2624516,1.8549,1.855,1.854950
1759175679.5141022,1.8549,1.855,1.854950
1759175679.7650986,1.8549,1.855,1.854950
1759175680.112767,1.855,1.8551,1.855050
1759175680.3671012,1.855,1.8551,1.855050
1759175680.7004063,1.855,1.8551,1.855050
1759175681.1131816,1.855,1.8551,1.855050
1759175681.5425727,1.855,1.8551,1.855050
1759175681.8278842,1.855,1.8551,1.855050
1759175682.4290466,1.855,1.8551,1.855050
1759175682.717696,1.8551,1.8552,1.855150
1759175682.95503,1.8551,1.8552,1.855150
1759175683.415182,1.8553,1.8554,1.855350
1759175683.6826222,1.8553,1.8554,1.855350
1759175683.9356656,1.8553,1.8554,1.855350
1759175684.1906857,1.8553,1.8554,1.855350
1759175684.4530852,1.8553,1.8554,1.855350
1759175684.7176247,1.8553,1.8554,1.855350
1759175684.9718094,1.8553,1.8554,1.855350
1759175685.2731595,1.8552,1.8554,1.855300
1759175685.4784002,1.8552,1.8553,1.855250
1759175685.7266564,1.8552,1.8553,1.855250
1759175685.996851,1.8552,1.8553,1.855250
1759175686.2491467,1.8552,1.8553,1.855250
1759175686.5592587,1.8552,1.8553,1.855250
1759175686.8323364,1.8552,1.8553,1.855250
1759175687.0929015,1.8552,1.8553,1.855250
1759175687.3751976,1.8552,1.8553,1.855250
1759175687.654709,1.8552,1.8553,1.855250
1759175687.9223883,1.8552,1.8553,1.855250
1759175688.2465436,1.8552,1.8553,1.855250
1759175688.5023859,1.8552,1.8553,1.855250
1759175689.023968,1.8552,1.8553,1.855250
1759175689.2738616,1.855,1.8551,1.855050
1759175689.5287452,1.855,1.8551,1.855050
1759175689.7846625,1.855,1.8551,1.855050
1759175690.0444906,1.855,1.8551,1.855050
1759175690.3057125,1.855,1.8554,1.855200
1759175690.569663,1.8557,1.8558,1.855750
1759175690.8421004,1.8557,1.8558,1.855750
1759175691.0970135,1.8557,1.8558,1.855750
1759175691.3504755,1.8557,1.8558,1.855750
1759175691.647275,1.8557,1.8558,1.855750
1759175691.899277,1.8552,1.8554,1.855300
1759175692.1546042,1.8545,1.855,1.854750
1759175692.4066172,1.8546,1.8548,1.854700
1759175692.670238,1.8547,1.8548,1.854750
1759175692.9304955,1.8547,1.8548,1.854750
1759175693.1835012,1.8547,1.8548,1.854750
1759175693.4511416,1.8547,1.8548,1.854750
1759175693.7029808,1.8547,1.8548,1.854750
1759175693.9806805,1.8547,1.8548,1.854750
1759175694.2365263,1.8547,1.8548,1.854750
1759175694.603572,1.8547,1.8548,1.854750
1759175694.8857162,1.8547,1.8548,1.854750
1759175695.1747787,1.8547,1.8548,1.854750
1759175695.4258776,1.8547,1.8548,1.854750
1759175695.67976,1.8545,1.8546,1.854550
1759175695.9482973,1.8545,1.8546,1.854550
1759175696.19981,1.8545,1.8546,1.854550
1759175696.5094259,1.8545,1.8546,1.854550
1759175696.761188,1.8545,1.8546,1.854550
1759175697.1290593,1.8545,1.8546,1.854550
1759175697.3947196,1.8545,1.8546,1.854550
1759175697.6499708,1.8545,1.8546,1.854550
1759175698.175807,1.8545,1.8546,1.854550
1759175698.5653841,1.8545,1.8546,1.854550
1759175698.943489,1.8544,1.8545,1.854450
1759175699.2052019,1.8541,1.8542,1.854150
1759175699.467152,1.8537,1.854,1.853850
1759175699.7231917,1.8536,1.8537,1.853650
1759175699.9797134,1.8536,1.8537,1.853650
1759175700.3430853,1.8536,1.8537,1.853650
1759175700.4804585,1.8536,1.8537,1.853650
1759175700.7312312,1.8536,1.8537,1.853650
1759175700.9857655,1.8536,1.8537,1.853650
1759175701.2356257,1.8539,1.854,1.853950
1759175701.4895506,1.8536,1.8537,1.853650
1759175701.7357485,1.8533,1.8534,1.853350
1759175701.9958243,1.8531,1.8532,1.853150
1759175702.2482533,1.8531,1.8532,1.853150
1759175702.4999304,1.8531,1.8532,1.853150
1759175702.751652,1.8531,1.8535,1.853300
1759175703.0345237,1.8534,1.8535,1.853450
1759175703.2867908,1.8535,1.8536,1.853550
1759175703.5409784,1.8535,1.8536,1.853550
1759175703.8041186,1.8535,1.8536,1.853550
1759175704.0623722,1.8537,1.8538,1.853750
1759175704.3135731,1.8538,1.8543,1.854050
1759175704.5640438,1.8543,1.8544,1.854350
1759175704.8167343,1.8543,1.8544,1.854350
1759175705.067403,1.8543,1.8544,1.854350
1759175705.341574,1.8543,1.8544,1.854350
1759175705.5943427,1.8546,1.8547,1.854650
1759175705.8510618,1.8546,1.8547,1.854650
1759175706.1009634,1.8546,1.8547,1.854650
1759175706.3532274,1.8546,1.8547,1.854650
1759175706.607904,1.8546,1.8549,1.854750
1759175706.8600416,1.8551,1.8553,1.855200
1759175707.1115186,1.8553,1.8554,1.855350
1759175707.3633163,1.8553,1.8554,1.855350
1759175707.6808069,1.8556,1.8557,1.855650
1759175707.8895524,1.8554,1.8555,1.855450
1759175708.1401973,1.8554,1.8555,1.855450
1759175708.447129,1.8554,1.8555,1.855450
1759175708.7943647,1.8554,1.8555,1.855450
1759175709.0469904,1.8552,1.8555,1.855350
1759175709.2941945,1.8551,1.8552,1.855150
1759175709.546263,1.8548,1.8551,1.854950
1759175709.7972066,1.8548,1.8549,1.854850
1759175710.0473137,1.8548,1.8549,1.854850
1759175710.2974482,1.8548,1.8549,1.854850
1759175710.5643804,1.8548,1.8549,1.854850
1759175710.816139,1.8548,1.8549,1.854850
1759175711.1171865,1.8548,1.8549,1.854850
1759175711.4728177,1.8548,1.8549,1.854850
1759175711.736573,1.8548,1.8549,1.854850
1759175712.0093935,1.8548,1.8549,1.854850
1759175712.2658253,1.8548,1.8549,1.854850
1759175712.6112823,1.855,1.8551,1.855050
1759175712.8673022,1.855,1.8551,1.855050
1759175713.1337802,1.855,1.8551,1.855050
1759175713.4098685,1.855,1.8551,1.855050
1759175713.6681874,1.8553,1.8554,1.855350
1759175713.959695,1.8553,1.8554,1.855350
1759175714.2025898,1.8553,1.8554,1.855350
1759175714.4618113,1.8553,1.8554,1.855350
1759175714.7458189,1.8553,1.8554,1.855350
1759175715.0373452,1.8553,1.8554,1.855350
1759175715.2906566,1.8557,1.8558,1.855750
1759175715.5456803,1.8557,1.8558,1.855750
1759175715.8129299,1.8557,1.8558,1.855750
1759175716.0623837,1.8554,1.8558,1.855600
1759175716.3128443,1.8554,1.8555,1.855450
1759175716.5842328,1.8554,1.8558,1.855600
1759175716.8381898,1.8557,1.8558,1.855750
1759175717.109369,1.8557,1.8558,1.855750
1759175717.4102886,1.8557,1.8558,1.855750
1759175717.6637342,1.8557,1.8558,1.855750
1759175718.146784,1.855,1.8554,1.855200
1759175718.404625,1.8549,1.855,1.854950
1759175718.6633193,1.8549,1.855,1.854950
1759175718.9210665,1.8551,1.8552,1.855150
1759175719.1830251,1.8551,1.8552,1.855150
1759175719.4358778,1.8549,1.855,1.854950
1759175719.6920512,1.8549,1.855,1.854950
1759175720.001056,1.8549,1.855,1.854950
1759175720.2562063,1.8549,1.855,1.854950
1759175720.5174806,1.8547,1.8548,1.854750
1759175720.7716572,1.8547,1.8548,1.854750
1759175721.0195377,1.8547,1.8548,1.854750
1759175721.3643649,1.8547,1.8548,1.854750
1759175721.6186085,1.8547,1.8548,1.854750
1759175721.8703868,1.8547,1.8548,1.854750
1759175722.1590168,1.8543,1.8544,1.854350
1759175722.3954062,1.8543,1.8544,1.854350
1759175722.6478066,1.8543,1.8544,1.854350
1759175722.923142,1.8543,1.8544,1.854350
1759175723.173967,1.8535,1.854,1.853750
1759175723.4268491,1.8532,1.8534,1.853300
1759175723.6779928,1.8531,1.8532,1.853150
1759175723.9268281,1.8531,1.8532,1.853150
1759175724.1993406,1.8531,1.8532,1.853150
1759175724.4359353,1.853,1.8531,1.853050
1759175724.6963224,1.8523,1.8526,1.852450
1759175724.9523287,1.8523,1.8524,1.852350
1759175725.2438471,1.8523,1.8524,1.852350
1759175725.4974408,1.8529,1.853,1.852950
1759175725.7505772,1.8529,1.853,1.852950
1759175726.0144491,1.8529,1.853,1.852950
1759175726.2873986,1.8529,1.853,1.852950
1759175726.5487683,1.8531,1.8534,1.853250
1759175726.8001978,1.8532,1.8533,1.853250
1759175727.0506992,1.8532,1.8533,1.853250
1759175727.3217099,1.8532,1.8533,1.853250
1759175727.5719666,1.8526,1.8529,1.852750
1759175727.8240528,1.8526,1.8527,1.852650
1759175728.078394,1.8526,1.8527,1.852650
1759175728.3370097,1.8526,1.8527,1.852650
1759175728.6099622,1.8526,1.8527,1.852650
1759175728.874369,1.8526,1.8527,1.852650
1759175729.1274784,1.8526,1.8527,1.852650
1759175729.4824615,1.8518,1.8524,1.852100
1759175729.6269102,1.8519,1.852,1.851950
1759175729.8788214,1.8521,1.8526,1.852350
1759175730.1291249,1.8524,1.8525,1.852450
1759175730.393411,1.8524,1.8525,1.852450
1759175730.653845,1.8524,1.8525,1.852450
1759175730.9135823,1.8524,1.8525,1.852450
1759175731.1644425,1.8526,1.8528,1.852700
1759175731.4217517,1.8527,1.8528,1.852750
1759175731.6767387,1.8527,1.8528,1.852750
1759175731.9329977,1.8523,1.8524,1.852350
1759175732.180055,1.8523,1.8524,1.852350
1759175732.4374642,1.8524,1.8526,1.852500
1759175732.6891894,1.8522,1.8524,1.852300
1759175732.9406393,1.8523,1.8524,1.852350
1759175733.2079978,1.8523,1.8524,1.852350
1759175733.4877021,1.8523,1.8524,1.852350
1759175733.7580292,1.8524,1.8528,1.852600
1759175734.0069711,1.8525,1.8526,1.852550
1759175734.257845,1.8525,1.8526,1.852550
1759175734.623758,1.8525,1.8527,1.852600
1759175734.8795068,1.8526,1.8527,1.852650
1759175735.1371474,1.8526,1.8527,1.852650
1759175735.3975163,1.8523,1.8525,1.852400
1759175735.6491954,1.8521,1.8522,1.852150
1759175735.9042034,1.8521,1.8522,1.852150
1759175736.2103286,1.852,1.8522,1.852100
1759175736.4690676,1.852,1.8521,1.852050
1759175736.748727,1.852,1.8521,1.852050
1759175736.997014,1.852,1.8521,1.852050
1759175737.2559063,1.852,1.8521,1.852050
1759175737.5113857,1.852,1.8521,1.852050
1759175737.7605133,1.852,1.8524,1.852200
1759175738.0126603,1.8522,1.8524,1.852300
1759175738.2929373,1.8523,1.8524,1.852350
1759175738.5393052,1.8523,1.8524,1.852350
1759175738.8374155,1.8522,1.8524,1.852300
1759175739.1060266,1.8522,1.8523,1.852250
1759175739.3633356,1.8522,1.8523,1.852250
1759175739.6142864,1.8522,1.8524,1.852300
1759175739.8652103,1.8522,1.8523,1.852250
1759175740.151112,1.8522,1.8523,1.852250
1759175740.4022133,1.8522,1.8523,1.852250
1759175740.8116384,1.852,1.8521,1.852050
1759175741.0677838,1.8521,1.8522,1.852150
1759175741.3240013,1.8521,1.8522,1.852150
1759175741.6439388,1.8521,1.8523,1.852200
1759175741.9101279,1.8521,1.8522,1.852150
1759175742.226443,1.8521,1.8522,1.852150
1759175742.4813962,1.8521,1.8522,1.852150
1759175742.7306118,1.8521,1.8522,1.852150
1759175742.9854205,1.8521,1.8522,1.852150
1759175743.2496839,1.8523,1.8524,1.852350
1759175743.4999812,1.8523,1.8524,1.852350
1759175743.7506397,1.8523,1.8524,1.852350
1759175744.070289,1.8523,1.8524,1.852350
1759175744.3704033,1.8523,1.8524,1.852350
1759175744.7290897,1.8523,1.8524,1.852350
1759175745.004709,1.8523,1.8524,1.852350
1759175745.280207,1.8521,1.8522,1.852150
1759175745.5334888,1.852,1.8522,1.852100
1759175745.784185,1.852,1.8521,1.852050
1759175746.0358477,1.852,1.8521,1.852050
1759175746.3684013,1.852,1.8521,1.852050
1759175746.6466775,1.852,1.8521,1.852050
1759175746.9338562,1.8519,1.8521,1.852000
1759175747.2059994,1.8519,1.852,1.851950
1759175747.4616668,1.8519,1.852,1.851950
1759175747.7154555,1.8519,1.852,1.851950
1759175747.9662538,1.8519,1.852,1.851950
1759175748.2446568,1.8519,1.8524,1.852150
1759175748.4938276,1.8522,1.8523,1.852250
1759175748.805877,1.8522,1.8523,1.852250
1759175749.0284448,1.8522,1.8523,1.852250
1759175749.2893453,1.8522,1.8523,1.852250
1759175749.548341,1.8522,1.8523,1.852250
1759175749.9072845,1.8522,1.8523,1.852250
1759175750.1821196,1.8521,1.8523,1.852200
1759175750.4325528,1.8521,1.8522,1.852150
1759175750.6967516,1.8521,1.8522,1.852150
1759175750.9617949,1.8518,1.8521,1.851950
1759175751.217767,1.8519,1.852,1.851950
1759175751.4880245,1.8519,1.852,1.851950
1759175751.742208,1.8519,1.852,1.851950
1759175752.1473677,1.8519,1.852,1.851950
1759175752.403396,1.8519,1.852,1.851950
1759175752.6547012,1.8517,1.852,1.851850
1759175752.9158309,1.8521,1.8522,1.852150
1759175753.1805658,1.852,1.8521,1.852050
1759175753.4326298,1.852,1.8521,1.852050
1759175753.7079957,1.852,1.8521,1.852050
1759175754.0294843,1.8516,1.8517,1.851650
1759175754.279972,1.8516,1.8517,1.851650
1759175754.5527651,1.8516,1.8517,1.851650
1759175754.849323,1.8516,1.8517,1.851650
1759175755.1281295,1.8516,1.8517,1.851650
1759175755.5960648,1.8516,1.8517,1.851650
1759175756.28043,1.8516,1.8517,1.851650
1759175756.5400054,1.8516,1.8517,1.851650
1759175756.8314798,1.8516,1.8517,1.851650
1759175757.0788648,1.8516,1.8517,1.851650
1759175757.3288927,1.8516,1.8517,1.851650
1759175757.7954857,1.8516,1.8517,1.851650
1759175758.0465183,1.8516,1.8517,1.851650
1759175758.2998476,1.8516,1.8517,1.851650
1759175758.5575397,1.8518,1.8519,1.851850
1759175758.8065019,1.8518,1.8519,1.851850
1759175759.0559273,1.8518,1.8519,1.851850
1759175759.30857,1.8518,1.8519,1.851850
1759175759.5640109,1.8518,1.8519,1.851850
1759175759.8145247,1.8518,1.8523,1.852050
1759175760.0696104,1.8522,1.8523,1.852250
1759175760.346823,1.8522,1.8523,1.852250
1759175760.5983803,1.8522,1.8523,1.852250
1759175760.8505197,1.8522,1.8523,1.852250
1759175761.1006005,1.8522,1.8523,1.852250
1759175761.416249,1.8522,1.8523,1.852250
1759175761.645812,1.8522,1.8523,1.852250
1759175761.9034376,1.8522,1.8526,1.852400
1759175762.1547153,1.8527,1.8528,1.852750
1759175762.4277058,1.8527,1.8528,1.852750
1759175762.681303,1.8527,1.8528,1.852750
1759175762.9491851,1.8527,1.8528,1.852750
1759175763.2376332,1.8527,1.8528,1.852750
1759175763.8790092,1.8527,1.8528,1.852750
1759175764.1368728,1.8527,1.8528,1.852750
1759175764.4499836,1.8527,1.8528,1.852750
1759175764.827029,1.8533,1.8534,1.853350
1759175765.0741043,1.8537,1.8538,1.853750
1759175765.3305802,1.8539,1.854,1.853950
1759175765.5868218,1.854,1.8541,1.854050
1759175765.8394775,1.8543,1.8544,1.854350
1759175766.0983121,1.8543,1.8544,1.854350
1759175766.3631132,1.8534,1.8537,1.853550
1759175766.6159956,1.8534,1.8535,1.853450
1759175766.8656476,1.8534,1.8535,1.853450
1759175767.1665423,1.8534,1.8535,1.853450
1759175767.6731749,1.8534,1.8535,1.853450
1759175767.9632857,1.8534,1.8535,1.853450
1759175768.3365674,1.8534,1.8535,1.853450
1759175768.676193,1.8534,1.8535,1.853450
1759175768.9398313,1.8534,1.8535,1.853450
1759175769.5301688,1.8534,1.8535,1.853450
1759175769.9655597,1.8532,1.8535,1.853350
1759175770.2425096,1.8533,1.8534,1.853350
1759175770.5017421,1.8533,1.8534,1.853350
1759175770.8171878,1.8533,1.8534,1.853350
1759175771.312883,1.8533,1.8534,1.853350
1759175771.6055179,1.8533,1.8534,1.853350
1759175771.869257,1.8533,1.8534,1.853350
1759175772.1703677,1.8533,1.8534,1.853350
1759175772.540668,1.8535,1.8536,1.853550
1759175772.7923226,1.8535,1.8536,1.853550
1759175773.0525148,1.8535,1.8538,1.853650
1759175773.3433073,1.8535,1.8536,1.853550
1759175773.6181467,1.8535,1.8536,1.853550
1759175773.875332,1.8535,1.8536,1.853550
1759175774.1764677,1.8529,1.8533,1.853100
1759175774.425399,1.853,1.8531,1.853050
1759175774.7052972,1.853,1.8531,1.853050
1759175775.0077093,1.853,1.8531,1.853050
1759175775.3354483,1.853,1.8531,1.853050
1759175775.7426941,1.853,1.8531,1.853050
1759175776.0135677,1.853,1.8535,1.853250
1759175776.2755296,1.8534,1.8535,1.853450
1759175776.5307434,1.8534,1.8535,1.853450
1759175776.8078299,1.8534,1.8535,1.853450
1759175777.079301,1.853,1.8531,1.853050
1759175777.3353684,1.853,1.8531,1.853050
1759175777.6254709,1.853,1.8531,1.853050
1759175777.8882656,1.853,1.8531,1.853050
1759175778.1719773,1.853,1.8534,1.853200
1759175778.473498,1.8535,1.8536,1.853550
1759175778.731824,1.8537,1.8538,1.853750
1759175778.9851658,1.8537,1.8538,1.853750
1759175779.2389953,1.8531,1.8536,1.853350
1759175779.4920013,1.8531,1.8532,1.853150
1759175779.7661133,1.8533,1.8534,1.853350
1759175780.0153532,1.8533,1.8534,1.853350
1759175780.287394,1.8533,1.8534,1.853350
1759175780.5443938,1.8536,1.8537,1.853650
1759175780.79626,1.8536,1.8537,1.853650
1759175781.0467954,1.8537,1.8538,1.853750
1759175781.2999206,1.8538,1.8539,1.853850
1759175781.5573459,1.8538,1.8539,1.853850
1759175781.881391,1.8538,1.8539,1.853850
1759175782.1534069,1.8538,1.8539,1.853850
1759175782.4069092,1.8538,1.8539,1.853850
1759175782.6872723,1.8538,1.8539,1.853850
1759175782.938837,1.8538,1.8539,1.853850
1759175783.202402,1.8538,1.8539,1.853850
1759175783.5108361,1.8535,1.8538,1.853650
1759175783.7671754,1.8536,1.8537,1.853650
1759175784.0202703,1.8536,1.8537,1.853650
1759175784.2740798,1.8536,1.8537,1.853650
1759175784.5257723,1.8532,1.8537,1.853450
1759175784.7781672,1.8535,1.8536,1.853550
1759175785.0295954,1.8535,1.8536,1.853550
1759175785.2794166,1.8535,1.8536,1.853550
1759175785.553732,1.8535,1.8536,1.853550
1759175785.8162637,1.8535,1.8536,1.853550
1759175786.1379147,1.8533,1.8534,1.853350
1759175786.3973768,1.8533,1.8534,1.853350
1759175786.6572714,1.8533,1.8534,1.853350
1759175786.9474866,1.8527,1.8528,1.852750
1759175787.2198894,1.8512,1.852,1.851600
1759175787.449687,1.8512,1.8513,1.851250
1759175787.7001073,1.8512,1.8513,1.851250
1759175787.9533503,1.8512,1.8513,1.851250
1759175788.2244246,1.8512,1.8513,1.851250
1759175788.5399196,1.8512,1.8513,1.851250
1759175788.7906623,1.8509,1.8511,1.851000
1759175789.0451753,1.8509,1.851,1.850950
1759175789.2983449,1.8509,1.851,1.850950
1759175789.5639057,1.8509,1.851,1.850950
1759175789.9386249,1.8508,1.8509,1.850850
1759175790.2412915,1.8508,1.8513,1.851050
1759175790.4573405,1.8508,1.8509,1.850850
1759175790.7098315,1.8508,1.8509,1.850850
1759175790.966127,1.8508,1.8509,1.850850
1759175791.278087,1.8508,1.8509,1.850850
1759175791.5137076,1.8508,1.8509,1.850850
1759175791.7720256,1.8508,1.8509,1.850850
1759175792.0241184,1.8508,1.8512,1.851000
1759175792.2735698,1.851,1.8512,1.851100
1759175792.5348775,1.8511,1.8512,1.851150
1759175792.7758718,1.8511,1.8513,1.851200
1759175793.0293663,1.8512,1.8513,1.851250
1759175793.2859077,1.8513,1.8514,1.851350
1759175793.5434422,1.8513,1.8514,1.851350
1759175793.7917204,1.851,1.8511,1.851050
1759175794.0486283,1.851,1.8511,1.851050
1759175794.3254733,1.851,1.8511,1.851050
1759175794.574171,1.851,1.8511,1.851050
1759175794.8466997,1.8509,1.8511,1.851000
1759175795.1211746,1.8509,1.851,1.850950
1759175795.3912005,1.8513,1.8514,1.851350
1759175795.643967,1.8521,1.8523,1.852200
1759175795.902032,1.8522,1.8523,1.852250
1759175796.1498792,1.8524,1.8526,1.852500
1759175796.4039342,1.8526,1.8527,1.852650
1759175796.6597803,1.8526,1.8527,1.852650
1759175796.913251,1.8526,1.8527,1.852650
1759175797.1685526,1.8518,1.8519,1.851850
1759175797.423232,1.8515,1.8517,1.851600
1759175797.6863503,1.8514,1.8516,1.851500
1759175797.9392836,1.8519,1.852,1.851950
1759175798.198039,1.8516,1.8519,1.851750
1759175798.4482255,1.8516,1.8519,1.851750
1759175798.6979115,1.8516,1.8517,1.851650
1759175798.9627173,1.852,1.8521,1.852050
1759175799.2161043,1.8521,1.8522,1.852150
1759175799.4975598,1.8518,1.8522,1.852000
1759175799.7550974,1.8518,1.8519,1.851850
1759175800.0123332,1.8518,1.8519,1.851850
1759175800.3089337,1.8518,1.8519,1.851850
1759175800.5601642,1.8518,1.8519,1.851850
1759175800.837916,1.8517,1.8518,1.851750
1759175801.0636408,1.8517,1.8518,1.851750
1759175801.3261359,1.8514,1.8518,1.851600
1759175801.6341388,1.8517,1.852,1.851850
1759175801.9665513,1.8519,1.852,1.851950
1759175802.223538,1.8514,1.8515,1.851450
1759175802.4884412,1.8513,1.8515,1.851400
1759175802.736919,1.8513,1.8515,1.851400
1759175803.0149577,1.8514,1.8515,1.851450
1759175803.2676964,1.8514,1.8515,1.851450
1759175803.522888,1.8513,1.8515,1.851400
1759175803.7739604,1.851,1.8511,1.851050
1759175804.041438,1.851,1.8511,1.851050
1759175804.3170874,1.851,1.8511,1.851050
1759175804.57424,1.851,1.8511,1.851050
1759175804.8325999,1.8511,1.8512,1.851150
1759175805.0852656,1.8511,1.8512,1.851150
1759175805.3506608,1.8511,1.8512,1.851150
1759175805.599909,1.8506,1.8509,1.850750
1759175805.851214,1.8506,1.8509,1.850750
1759175806.1118536,1.8506,1.8507,1.850650
1759175806.3861208,1.8506,1.8507,1.850650
1759175806.6521654,1.8506,1.8507,1.850650
1759175806.9246335,1.8506,1.8507,1.850650
1759175807.179022,1.8506,1.8507,1.850650
1759175807.4312773,1.8506,1.8507,1.850650
1759175807.6975296,1.8506,1.8507,1.850650
1759175808.0480187,1.8508,1.8509,1.850850
1759175808.2428846,1.8508,1.8509,1.850850
1759175808.488651,1.8506,1.851,1.850800
1759175808.7407126,1.8507,1.8508,1.850750
1759175808.99069,1.8512,1.8513,1.851250
1759175809.2413645,1.8509,1.851,1.850950
1759175809.4932072,1.8509,1.851,1.850950
1759175809.7788787,1.8509,1.851,1.850950
1759175810.0417435,1.8509,1.851,1.850950
1759175810.290976,1.8509,1.851,1.850950
1759175810.631781,1.8509,1.8516,1.851250
1759175810.8737388,1.8512,1.8513,1.851250
1759175811.1252913,1.8512,1.8513,1.851250
1759175811.4169853,1.8512,1.8513,1.851250
1759175811.6680698,1.8512,1.8513,1.851250
1759175811.9659712,1.8511,1.8512,1.851150
1759175812.2159362,1.851,1.8511,1.851050
1759175812.4898028,1.851,1.8511,1.851050
1759175812.749878,1.851,1.8511,1.851050
1759175813.0318284,1.8512,1.8513,1.851250
1759175813.2865007,1.8512,1.8513,1.851250
1759175813.5645375,1.8512,1.8513,1.851250
1759175813.821241,1.8508,1.8509,1.850850
1759175814.0744336,1.8507,1.8509,1.850800
1759175814.3236542,1.8507,1.8508,1.850750
1759175814.599797,1.8507,1.8508,1.850750
1759175814.8993564,1.8507,1.8508,1.850750
1759175815.403377,1.8507,1.8508,1.850750
1759175815.6555922,1.8503,1.8504,1.850350
1759175815.9056323,1.8503,1.8504,1.850350
1759175816.176801,1.8503,1.8504,1.850350
1759175816.4323766,1.8503,1.8504,1.850350
1759175816.7394538,1.8501,1.8502,1.850150
1759175817.0046654,1.8501,1.8502,1.850150
1759175817.2715142,1.8502,1.8503,1.850250
1759175817.526754,1.8501,1.8503,1.850200
1759175817.773277,1.8501,1.8502,1.850150
1759175818.0303853,1.8504,1.8505,1.850450
1759175818.2907789,1.8504,1.8505,1.850450
1759175818.6323752,1.8504,1.8505,1.850450
1759175818.962353,1.8501,1.8502,1.850150
1759175819.2205846,1.8501,1.8502,1.850150
1759175819.4925175,1.85,1.8502,1.850100
1759175819.7769551,1.85,1.8501,1.850050
1759175819.9946396,1.85,1.8501,1.850050
1759175820.3111258,1.85,1.8501,1.850050
1759175820.4967809,1.8502,1.8506,1.850400
1759175820.7490442,1.8504,1.8505,1.850450
1759175821.033045,1.8502,1.8503,1.850250
1759175821.4029868,1.85,1.8504,1.850200
1759175821.6581254,1.8503,1.8504,1.850350
1759175821.9170265,1.8503,1.8504,1.850350
1759175822.2103179,1.85,1.8504,1.850200
1759175822.4690034,1.85,1.8501,1.850050
1759175822.704464,1.85,1.8501,1.850050
1759175822.9555979,1.85,1.8501,1.850050
1759175823.2252436,1.85,1.8501,1.850050
1759175823.4615643,1.85,1.8501,1.850050
1759175823.8078403,1.8505,1.8506,1.850550
1759175824.057052,1.8507,1.8508,1.850750
1759175824.310804,1.8505,1.8506,1.850550
1759175824.597543,1.8505,1.8506,1.850550
1759175824.8572495,1.8509,1.851,1.850950
1759175825.109628,1.8509,1.851,1.850950
1759175825.3637931,1.8514,1.8515,1.851450
1759175825.611545,1.8519,1.852,1.851950
1759175825.869053,1.8523,1.8524,1.852350
1759175826.122558,1.8523,1.8525,1.852400
1759175826.3702009,1.8522,1.8523,1.852250
1759175826.6202192,1.8526,1.8527,1.852650
1759175826.8868637,1.8526,1.8527,1.852650
1759175827.1555867,1.8526,1.8528,1.852700
1759175827.4040525,1.853,1.8531,1.853050
1759175827.654879,1.853,1.8531,1.853050
1759175827.9035408,1.8531,1.8532,1.853150
1759175828.1694202,1.8531,1.8534,1.853250
1759175828.5044658,1.8531,1.8534,1.853250
1759175828.7516978,1.8531,1.8532,1.853150
1759175829.002079,1.8531,1.8532,1.853150
1759175829.2630055,1.853,1.8531,1.853050
1759175829.5172582,1.8528,1.8529,1.852850
1759175829.7808383,1.8528,1.8529,1.852850
1759175830.0409405,1.8528,1.8529,1.852850
1759175830.2921693,1.8528,1.8529,1.852850
1759175830.6760502,1.8528,1.8529,1.852850
1759175830.9342306,1.8528,1.8529,1.852850
1759175831.209347,1.853,1.8532,1.853100
1759175831.459802,1.853,1.8531,1.853050
1759175831.73926,1.853,1.8531,1.853050
1759175832.0041559,1.8525,1.853,1.852750
1759175832.2621608,1.8526,1.8527,1.852650
1759175832.5132382,1.8528,1.8534,1.853100
1759175832.769802,1.8533,1.8534,1.853350
1759175833.089706,1.8533,1.8535,1.853400
1759175833.344118,1.8533,1.8534,1.853350
1759175833.598559,1.8535,1.8536,1.853550
1759175833.8548255,1.8535,1.8536,1.853550
1759175834.1088693,1.8536,1.8537,1.853650
1759175834.3760014,1.8538,1.8539,1.853850
1759175834.621271,1.8539,1.854,1.853950
1759175834.87313,1.854,1.8541,1.854050
1759175835.1229799,1.854,1.8543,1.854150
1759175835.4134016,1.8542,1.8544,1.854300
1759175835.6661985,1.8543,1.8544,1.854350
1759175835.9230225,1.8543,1.8544,1.854350
1759175836.186354,1.8543,1.8544,1.854350
1759175836.4423044,1.8539,1.8542,1.854050
1759175836.69594,1.8539,1.854,1.853950
1759175836.9519522,1.8539,1.854,1.853950
1759175837.1966567,1.8539,1.854,1.853950
1759175837.445854,1.8541,1.8544,1.854250
1759175837.7027168,1.8543,1.8544,1.854350
1759175837.9560819,1.8543,1.8544,1.854350
1759175838.2282426,1.8543,1.8544,1.854350
1759175838.4970977,1.8543,1.8544,1.854350
1759175838.7780964,1.8542,1.8543,1.854250
1759175839.0326798,1.854,1.8541,1.854050
1759175839.3005242,1.854,1.8541,1.854050
1759175839.5364044,1.8534,1.8538,1.853600
1759175839.7910473,1.8533,1.8535,1.853400
1759175840.0517952,1.8532,1.8533,1.853250
1759175840.2979155,1.8532,1.8533,1.853250
1759175840.549053,1.8532,1.8533,1.853250
1759175840.8034668,1.8532,1.8535,1.853350
1759175841.0632775,1.8535,1.8536,1.853550
1759175841.3298454,1.8536,1.8539,1.853750
1759175841.5817862,1.8539,1.854,1.853950
1759175841.8337696,1.8539,1.8541,1.854000
1759175842.0937877,1.8536,1.8537,1.853650
1759175842.3452363,1.853,1.8535,1.853250
1759175842.5946968,1.853,1.8531,1.853050
1759175842.860543,1.853,1.8531,1.853050
1759175843.128989,1.853,1.8531,1.853050
1759175843.384616,1.8533,1.8534,1.853350
1759175843.6364737,1.8535,1.8536,1.853550
1759175843.8868985,1.8535,1.8536,1.853550
1759175844.147729,1.8535,1.8536,1.853550
1759175844.4047022,1.8529,1.8533,1.853100
1759175844.6564143,1.8529,1.8531,1.853000
1759175844.906649,1.8529,1.853,1.852950
1759175845.1956189,1.8534,1.8536,1.853500
1759175845.463628,1.8531,1.8534,1.853250
1759175845.7151797,1.8531,1.8532,1.853150
1759175845.9672837,1.8531,1.8532,1.853150
1759175846.2142794,1.8535,1.8536,1.853550
1759175846.4650915,1.8535,1.8536,1.853550
1759175846.8003051,1.8531,1.8532,1.853150
1759175847.0658197,1.8528,1.8532,1.853000
1759175847.3182366,1.8528,1.8531,1.852950
1759175847.589074,1.8528,1.8531,1.852950
1759175847.8373628,1.853,1.8531,1.853050
1759175848.090034,1.8528,1.8531,1.852950
1759175848.3417861,1.8529,1.853,1.852950
1759175848.6046047,1.8529,1.853,1.852950
1759175848.8577418,1.8529,1.853,1.852950
1759175849.1199586,1.8525,1.8527,1.852600
1759175849.3805072,1.8525,1.8526,1.852550
1759175849.6361933,1.8523,1.8524,1.852350
1759175849.8801649,1.8523,1.8524,1.852350
1759175850.1496124,1.8523,1.8524,1.852350
1759175850.4223871,1.8523,1.8524,1.852350
1759175850.6848743,1.8523,1.8524,1.852350
1759175850.9591799,1.8524,1.8528,1.852600
1759175851.2065344,1.8527,1.8528,1.852750
1759175851.478541,1.8522,1.8524,1.852300
1759175851.7305644,1.8522,1.8523,1.852250
1759175851.9828095,1.8524,1.8525,1.852450
1759175852.2380254,1.8525,1.8526,1.852550
1759175852.501729,1.8525,1.8527,1.852600
1759175852.7746408,1.8525,1.8526,1.852550
1759175853.0272384,1.8525,1.8526,1.852550
1759175853.3237722,1.8522,1.8523,1.852250
1759175853.575018,1.8527,1.8528,1.852750
1759175853.8254762,1.8528,1.8529,1.852850
1759175854.0794377,1.853,1.8531,1.853050
1759175854.3278434,1.8532,1.8534,1.853300
1759175854.5793743,1.8533,1.8534,1.853350
1759175854.827762,1.8533,1.8534,1.853350
1759175855.1326594,1.8532,1.8533,1.853250
1759175855.3898258,1.8528,1.8529,1.852850
1759175855.6373188,1.8528,1.8529,1.852850
1759175855.888954,1.8522,1.8527,1.852450
1759175856.1443446,1.8523,1.8524,1.852350
1759175856.4195356,1.8523,1.8524,1.852350
1759175856.66607,1.8523,1.8524,1.852350
1759175856.9257138,1.8523,1.8524,1.852350
1759175857.2501469,1.8523,1.8525,1.852400
1759175857.4956274,1.8524,1.8525,1.852450
1759175857.7473943,1.8524,1.8525,1.852450
1759175858.0329604,1.8524,1.8525,1.852450
1759175858.387085,1.8523,1.8524,1.852350
1759175858.6440966,1.8525,1.8526,1.852550
1759175858.9047437,1.8525,1.8526,1.852550
1759175859.1585,1.8525,1.8526,1.852550
1759175859.5095522,1.8525,1.8526,1.852550
1759175859.7566018,1.8525,1.8526,1.852550
1759175860.13394,1.8525,1.8526,1.852550
1759175860.8138347,1.8525,1.8526,1.852550
1759175861.2364533,1.8525,1.8526,1.852550
1759175861.5147808,1.8525,1.8526,1.852550
1759175861.7908645,1.8525,1.8526,1.852550
1759175862.4350553,1.8525,1.8526,1.852550
1759175862.8208532,1.8526,1.8527,1.852650
1759175863.0821655,1.8526,1.8527,1.852650
1759175863.336444,1.8526,1.8528,1.852700
1759175863.5923269,1.8526,1.8527,1.852650
1759175863.8456075,1.8526,1.8527,1.852650
1759175864.1558561,1.853,1.8531,1.853050
1759175864.4650095,1.853,1.8531,1.853050
1759175864.7171023,1.853,1.8531,1.853050
1759175865.0351832,1.853,1.8531,1.853050
1759175865.2979357,1.853,1.8531,1.853050
1759175865.5458107,1.853,1.8531,1.853050
1759175865.8067102,1.853,1.8532,1.853100
1759175866.1056497,1.853,1.8531,1.853050
1759175866.3575642,1.8532,1.8533,1.853250
1759175866.6082428,1.8533,1.8534,1.853350
1759175866.8627276,1.8534,1.8535,1.853450
1759175867.118622,1.8534,1.8535,1.853450
1759175867.374719,1.8535,1.8536,1.853550
1759175867.6306496,1.8535,1.8536,1.853550
1759175867.880191,1.8535,1.8536,1.853550
1759175868.1472955,1.8535,1.8536,1.853550
1759175868.4599845,1.8538,1.8539,1.853850
1759175868.7117326,1.8538,1.8539,1.853850
1759175868.9705687,1.8538,1.8539,1.853850
1759175869.2306886,1.8541,1.8543,1.854200
1759175869.4877017,1.8542,1.8543,1.854250
1759175869.733063,1.8539,1.854,1.853950
1759175869.9925191,1.8539,1.854,1.853950
1759175870.3298607,1.8539,1.854,1.853950
1759175870.6223724,1.8539,1.854,1.853950
1759175870.869791,1.8542,1.8544,1.854300
1759175871.12374,1.8542,1.8544,1.854300
1759175871.3787854,1.8543,1.8544,1.854350
1759175871.6503255,1.8543,1.8544,1.854350
1759175871.913146,1.8544,1.8545,1.854450
1759175872.1720638,1.8546,1.8548,1.854700
1759175872.4232948,1.8547,1.8548,1.854750
1759175872.6832645,1.8547,1.8548,1.854750
1759175872.94028,1.8547,1.8548,1.854750
1759175873.231357,1.8547,1.8548,1.854750
1759175873.4885197,1.8547,1.8549,1.854800
1759175873.739054,1.8549,1.855,1.854950
1759175874.0345333,1.8549,1.855,1.854950
1759175874.2839608,1.8549,1.855,1.854950
1759175874.575716,1.8549,1.855,1.854950
1759175874.9527075,1.8549,1.855,1.854950
1759175875.3934965,1.8549,1.855,1.854950
1759175875.783022,1.8549,1.855,1.854950
1759175876.0490332,1.8549,1.855,1.854950
1759175876.2982104,1.8548,1.8549,1.854850
1759175876.5479047,1.8548,1.8549,1.854850
1759175876.8018045,1.8544,1.8545,1.854450
1759175877.0526254,1.8544,1.8545,1.854450
1759175877.318902,1.8544,1.8548,1.854600
1759175877.5703511,1.8548,1.8549,1.854850
1759175877.8259945,1.8549,1.855,1.854950
1759175878.0767355,1.8549,1.855,1.854950
1759175878.3300703,1.8549,1.855,1.854950
1759175878.5940208,1.8549,1.855,1.854950
1759175878.8431566,1.8549,1.855,1.854950
1759175879.1283686,1.8549,1.855,1.854950
1759175879.4278123,1.8548,1.8549,1.854850
1759175879.6872535,1.8548,1.8549,1.854850
1759175879.9505925,1.8548,1.8549,1.854850
1759175880.2641468,1.8548,1.855,1.854900
1759175880.485431,1.8551,1.8552,1.855150
1759175880.7524135,1.8552,1.8554,1.855300
1759175880.9948134,1.8553,1.8554,1.855350
1759175881.248467,1.8556,1.8557,1.855650
1759175881.5075939,1.8557,1.8559,1.855800
1759175881.7573,1.8558,1.856,1.855900
1759175882.0095499,1.8557,1.856,1.855850
1759175882.2834635,1.8557,1.8558,1.855750
1759175882.541823,1.8557,1.8558,1.855750
1759175882.8164473,1.8557,1.8558,1.855750
1759175883.1234603,1.8557,1.8558,1.855750
1759175883.354049,1.8557,1.8559,1.855800
1759175883.6041727,1.8559,1.8561,1.856000
1759175883.8549252,1.8559,1.8561,1.856000
1759175884.1172588,1.8559,1.856,1.855950
1759175884.3644292,1.8559,1.856,1.855950
1759175884.6195679,1.8559,1.856,1.855950
1759175884.8710687,1.8559,1.856,1.855950
1759175885.166885,1.8559,1.856,1.855950
1759175885.4563081,1.8559,1.856,1.855950
1759175885.7427523,1.8559,1.856,1.855950
1759175885.9962502,1.8559,1.856,1.855950
1759175886.2988129,1.8559,1.856,1.855950
1759175886.6164176,1.8559,1.856,1.855950
1759175886.888648,1.8559,1.856,1.855950
1759175887.2266777,1.8559,1.856,1.855950
1759175887.5187054,1.8559,1.856,1.855950
1759175887.77155,1.856,1.8561,1.856050
1759175888.0407245,1.8562,1.8564,1.856300
1759175888.2898805,1.8563,1.8564,1.856350
1759175888.5623515,1.8564,1.8565,1.856450
1759175888.8178635,1.8564,1.8565,1.856450
1759175889.069553,1.8564,1.8565,1.856450
1759175889.3192418,1.8561,1.8562,1.856150
1759175889.571275,1.8559,1.856,1.855950
1759175889.8296049,1.8559,1.856,1.855950
1759175890.0816011,1.8559,1.856,1.855950
1759175890.4347234,1.8559,1.856,1.855950
1759175890.6177883,1.8562,1.8563,1.856250
1759175890.8804903,1.8562,1.8563,1.856250
1759175891.1753166,1.8564,1.8567,1.856550
1759175891.427585,1.8566,1.8567,1.856650
1759175891.678358,1.8566,1.8567,1.856650
1759175891.9288998,1.8566,1.8567,1.856650
1759175892.2153232,1.8566,1.8567,1.856650
1759175892.5243325,1.8566,1.8567,1.856650
1759175892.7876616,1.8566,1.8567,1.856650
1759175893.2258005,1.8566,1.8567,1.856650
1759175893.5160873,1.8566,1.8567,1.856650
1759175893.7723193,1.8568,1.8569,1.856850
1759175894.028153,1.8565,1.8566,1.856550
1759175894.310258,1.8565,1.8566,1.856550
1759175894.5682392,1.8568,1.8569,1.856850
1759175894.821722,1.8568,1.8569,1.856850
1759175895.0783558,1.8559,1.856,1.855950
1759175895.3409956,1.8559,1.856,1.855950
1759175895.5910654,1.8559,1.856,1.855950
1759175895.857002,1.8556,1.8557,1.855650
1759175896.1249466,1.855,1.8551,1.855050
1759175896.3611517,1.8543,1.8545,1.854400
1759175896.6154966,1.8543,1.8545,1.854400
1759175896.8671663,1.8551,1.8552,1.855150
1759175897.1193922,1.8552,1.8553,1.855250
1759175897.3904388,1.8552,1.8553,1.855250
1759175897.6706998,1.8553,1.8554,1.855350
1759175897.9404314,1.8553,1.8554,1.855350
1759175898.2108543,1.8551,1.8552,1.855150
1759175898.4587212,1.8551,1.8552,1.855150
1759175898.7108805,1.8548,1.855,1.854900
1759175898.9619575,1.8547,1.8548,1.854750
1759175899.2257078,1.8547,1.8548,1.854750
1759175899.4750922,1.8546,1.8547,1.854650
1759175899.7294316,1.8546,1.8547,1.854650
1759175899.9913945,1.8546,1.8547,1.854650
1759175900.235142,1.8546,1.8547,1.854650
1759175900.50634,1.8546,1.8547,1.854650
1759175901.0623944,1.8546,1.8547,1.854650
1759175901.3556914,1.8546,1.8547,1.854650
1759175901.617374,1.8551,1.8552,1.855150
1759175901.8690069,1.8551,1.8552,1.855150
1759175902.1170642,1.8551,1.8553,1.855200
1759175902.3744516,1.8551,1.8553,1.855200
1759175902.6351407,1.855,1.8551,1.855050
1759175902.9537113,1.855,1.8551,1.855050
1759175903.2269504,1.855,1.8551,1.855050
1759175903.4601607,1.8555,1.8556,1.855550
1759175903.7210627,1.8557,1.8558,1.855750
1759175903.9605513,1.8557,1.8558,1.855750
1759175904.2277746,1.8557,1.8558,1.855750
1759175904.4759595,1.8557,1.8558,1.855750
1759175904.7214892,1.8553,1.8554,1.855350
1759175904.9938726,1.8553,1.8554,1.855350
1759175905.2461038,1.8552,1.8554,1.855300
1759175905.4971952,1.8553,1.8554,1.855350
1759175905.750529,1.8553,1.8554,1.855350
1759175906.00186,1.8553,1.8554,1.855350
1759175906.278766,1.8553,1.8554,1.855350
1759175906.5419288,1.8554,1.8555,1.855450
1759175906.796379,1.855,1.8555,1.855250
1759175907.0457041,1.8552,1.8553,1.855250
1759175907.3225658,1.8552,1.8553,1.855250
1759175907.6165614,1.8552,1.8553,1.855250
1759175907.8838127,1.8552,1.8553,1.855250
1759175908.3772063,1.8552,1.8553,1.855250
1759175908.7116075,1.8552,1.8553,1.855250
1759175908.9848373,1.8552,1.8553,1.855250
1759175909.2455873,1.8552,1.8553,1.855250
1759175909.5056827,1.8552,1.8553,1.855250
1759175909.7723262,1.8552,1.8553,1.855250
1759175910.0354578,1.8552,1.8553,1.855250
1759175910.3086464,1.8552,1.8553,1.855250
1759175910.566173,1.8552,1.8553,1.855250
1759175910.853605,1.8552,1.8553,1.855250
1759175911.185674,1.8555,1.8556,1.855550
1759175911.4399836,1.8555,1.8556,1.855550
1759175911.7580287,1.8555,1.8556,1.855550
1759175912.026486,1.8555,1.8556,1.855550
1759175912.4026313,1.8555,1.8556,1.855550
1759175912.6537526,1.8555,1.8556,1.855550
1759175912.9981277,1.8555,1.8556,1.855550
1759175913.24965,1.855,1.8553,1.855150
1759175913.500963,1.8548,1.8549,1.854850
1759175913.750559,1.8544,1.8545,1.854450
1759175914.0086927,1.8544,1.8545,1.854450
1759175914.2640092,1.8544,1.8546,1.854500
1759175914.516054,1.8544,1.8545,1.854450
1759175914.7707803,1.8544,1.8545,1.854450
1759175915.0422552,1.8544,1.8545,1.854450
1759175915.3213887,1.8543,1.8545,1.854400
1759175915.5649602,1.8534,1.8536,1.853500
1759175915.8215199,1.8528,1.853,1.852900
1759175916.0699835,1.8528,1.8529,1.852850
1759175916.3257537,1.8527,1.8528,1.852750
1759175916.577804,1.852,1.8524,1.852200
1759175916.8445787,1.852,1.8521,1.852050
1759175917.0802433,1.852,1.8521,1.852050
1759175917.3403597,1.852,1.8521,1.852050
1759175917.610877,1.852,1.8521,1.852050
1759175917.899915,1.852,1.8521,1.852050
1759175918.1541426,1.8519,1.8521,1.852000
1759175918.4159484,1.8519,1.852,1.851950
1759175918.66435,1.8519,1.852,1.851950
1759175918.9492376,1.8519,1.852,1.851950
1759175919.2134638,1.852,1.8521,1.852050
1759175919.4668436,1.8515,1.8517,1.851600
1759175919.7163992,1.8515,1.8516,1.851550
1759175919.966733,1.8519,1.852,1.851950
1759175920.260724,1.8519,1.852,1.851950
1759175920.5187247,1.8519,1.852,1.851950
1759175920.7715726,1.8519,1.852,1.851950
1759175921.0221481,1.8523,1.8528,1.852550
1759175921.2751274,1.8523,1.8527,1.852500
1759175921.5303698,1.8523,1.8524,1.852350
1759175921.8225896,1.8521,1.8527,1.852400
1759175922.079607,1.8521,1.8524,1.852250
1759175922.339045,1.8525,1.8528,1.852650
1759175922.5967557,1.8525,1.8526,1.852550
1759175922.8548439,1.853,1.8531,1.853050
1759175923.105257,1.8532,1.8536,1.853400
1759175923.35565,1.8535,1.8536,1.853550
1759175923.615045,1.8535,1.8536,1.853550
1759175923.8637927,1.8535,1.8536,1.853550
1759175924.1200395,1.8532,1.8533,1.853250
1759175924.3749092,1.8532,1.8533,1.853250
1759175924.623997,1.8532,1.8533,1.853250
1759175924.9004438,1.8532,1.8534,1.853300
1759175925.1545637,1.8533,1.8534,1.853350
1759175925.4418266,1.8533,1.8534,1.853350
1759175925.7047775,1.8537,1.8538,1.853750
1759175925.959464,1.8538,1.8539,1.853850
1759175926.2497244,1.8538,1.854,1.853900
1759175926.4928718,1.8539,1.854,1.853950
1759175926.7541327,1.8539,1.8544,1.854150
1759175927.0154753,1.8543,1.8545,1.854400
1759175927.265611,1.8544,1.8545,1.854450
1759175927.5261548,1.8544,1.8545,1.854450
1759175927.9153912,1.8544,1.8545,1.854450
1759175928.180562,1.8541,1.8545,1.854300
1759175928.4332302,1.8542,1.8543,1.854250
1759175928.6871626,1.854,1.8543,1.854150
1759175928.9469223,1.854,1.8541,1.854050
1759175929.199353,1.854,1.8541,1.854050
1759175929.5990577,1.854,1.8541,1.854050
1759175929.8793526,1.854,1.8541,1.854050
1759175930.1845775,1.854,1.8546,1.854300
1759175930.4361646,1.8544,1.8545,1.854450
1759175930.6847255,1.8542,1.8545,1.854350
1759175930.937113,1.8542,1.8543,1.854250
1759175931.213963,1.8541,1.8542,1.854150
1759175931.4439964,1.8541,1.8542,1.854150
1759175931.6937804,1.8541,1.8542,1.854150
1759175931.9489646,1.8541,1.8544,1.854250
1759175932.20455,1.8543,1.8544,1.854350
1759175932.4688892,1.8543,1.8544,1.854350
1759175932.7219605,1.8545,1.8546,1.854550
1759175933.005763,1.8545,1.8546,1.854550
1759175933.284991,1.8548,1.855,1.854900
1759175933.5391011,1.8549,1.855,1.854950
1759175933.8073936,1.8549,1.855,1.854950
1759175934.2013884,1.855,1.8551,1.855050
1759175934.4434187,1.855,1.8551,1.855050
1759175934.6952703,1.855,1.8551,1.855050
1759175934.9458587,1.855,1.8551,1.855050
1759175935.2040215,1.855,1.8551,1.855050
1759175935.454818,1.855,1.8551,1.855050
1759175935.7269151,1.855,1.8551,1.855050
1759175935.9735503,1.855,1.8554,1.855200
1759175936.2292206,1.8553,1.8554,1.855350
1759175936.4822056,1.8553,1.8554,1.855350
1759175936.740787,1.855,1.8551,1.855050
1759175936.9914382,1.8548,1.8549,1.854850
1759175937.2446866,1.8543,1.8544,1.854350
1759175937.5109932,1.8546,1.8547,1.854650
1759175937.7653983,1.8546,1.8547,1.854650
1759175938.0386026,1.8546,1.8547,1.854650
1759175938.3869483,1.8546,1.8547,1.854650
1759175938.7534673,1.8548,1.8549,1.854850
1759175939.0100532,1.8548,1.8549,1.854850
1759175939.2555792,1.8548,1.8549,1.854850
1759175939.5113099,1.8548,1.8549,1.854850
1759175939.7603981,1.8547,1.8548,1.854750
1759175940.0628529,1.8547,1.8548,1.854750
1759175940.3792908,1.8547,1.8552,1.854950
1759175940.5211399,1.8551,1.8552,1.855150
1759175940.7701132,1.8551,1.8552,1.855150
1759175941.048085,1.8551,1.8552,1.855150
1759175941.294296,1.8549,1.855,1.854950
1759175941.551378,1.8548,1.8552,1.855000
1759175941.817498,1.8551,1.8552,1.855150
1759175942.0710864,1.8551,1.8552,1.855150
1759175942.3252356,1.8549,1.855,1.854950
1759175942.577003,1.8544,1.8546,1.854500
1759175942.8272429,1.8544,1.8545,1.854450
1759175943.0825448,1.8543,1.8544,1.854350
1759175943.3304176,1.8542,1.8543,1.854250
1759175943.6159647,1.8542,1.8543,1.854250
1759175943.8681214,1.8542,1.8548,1.854500
1759175944.1201603,1.8542,1.8543,1.854250
1759175944.3696032,1.8536,1.8537,1.853650
1759175944.63302,1.8535,1.8537,1.853600
1759175944.8822865,1.8536,1.8537,1.853650
1759175945.142497,1.8536,1.8537,1.853650
1759175945.4308531,1.8541,1.8542,1.854150
1759175945.6819189,1.854,1.8541,1.854050
1759175945.9398322,1.8542,1.8543,1.854250
1759175946.231556,1.8544,1.8545,1.854450
1759175946.454521,1.8544,1.8545,1.854450
1759175946.7008944,1.8544,1.8545,1.854450
1759175946.9634264,1.8544,1.8545,1.854450
1759175947.3001254,1.8541,1.8544,1.854250
1759175947.5612047,1.854,1.8541,1.854050
1759175947.8009632,1.8542,1.8545,1.854350
1759175948.0542278,1.8544,1.8545,1.854450
1759175948.3079545,1.8544,1.8545,1.854450
1759175948.5623972,1.8544,1.8545,1.854450
1759175948.891008,1.8544,1.8545,1.854450
1759175949.2303085,1.8549,1.855,1.854950
1759175949.4278398,1.8549,1.855,1.854950
1759175949.6765552,1.8549,1.855,1.854950
1759175950.0025368,1.8549,1.855,1.854950
1759175950.201534,1.8549,1.855,1.854950
1759175950.5168116,1.8549,1.855,1.854950
1759175950.768283,1.8549,1.8551,1.855000
1759175951.068979,1.8548,1.8552,1.855000
1759175951.3246706,1.8551,1.8552,1.855150
1759175951.584658,1.8551,1.8552,1.855150
1759175951.823348,1.8548,1.8552,1.855000
1759175952.078451,1.8548,1.8549,1.854850
1759175952.3462958,1.8548,1.8549,1.854850
1759175952.603435,1.8548,1.8551,1.854950
1759175952.898057,1.855,1.8551,1.855050
1759175953.1611898,1.855,1.8551,1.855050
1759175953.4119291,1.8548,1.855,1.854900
1759175953.6741333,1.8548,1.8549,1.854850
1759175953.9417403,1.8548,1.8549,1.854850
1759175954.2226665,1.8544,1.8547,1.854550
1759175954.4721274,1.8544,1.8545,1.854450
1759175954.7250943,1.8544,1.8545,1.854450
1759175954.97829,1.8544,1.8545,1.854450
1759175955.254158,1.8544,1.8545,1.854450
1759175955.5011988,1.8547,1.8548,1.854750
1759175955.7588434,1.8547,1.8548,1.854750
1759175956.0188813,1.8547,1.8548,1.854750
1759175956.4076834,1.8547,1.855,1.854850
1759175956.834342,1.8548,1.8551,1.854950
1759175957.1118317,1.855,1.8551,1.855050
1759175957.3687167,1.8548,1.8549,1.854850
1759175957.618945,1.854,1.8547,1.854350
1759175957.8737295,1.8541,1.8543,1.854200
1759175958.1227932,1.854,1.8541,1.854050
1759175958.377793,1.8539,1.854,1.853950
1759175958.695644,1.8537,1.8539,1.853800
1759175958.965814,1.8537,1.8538,1.853750
1759175959.2227554,1.8537,1.854,1.853850
1759175959.496021,1.8542,1.8543,1.854250
1759175959.7338443,1.8544,1.8545,1.854450
1759175959.986641,1.8544,1.8545,1.854450
1759175960.2528174,1.8544,1.8545,1.854450
1759175960.5072742,1.8546,1.8547,1.854650
1759175960.7719662,1.8548,1.8549,1.854850
1759175961.0243595,1.8548,1.8549,1.854850
1759175961.2734416,1.8552,1.8553,1.855250
1759175961.5237625,1.8552,1.8553,1.855250
1759175961.7933106,1.8553,1.8554,1.855350
1759175962.0809968,1.8553,1.8554,1.855350
1759175962.312754,1.8553,1.8554,1.855350
1759175962.5657537,1.8553,1.8554,1.855350
1759175962.8143492,1.8553,1.8554,1.855350
1759175963.0689876,1.8553,1.8554,1.855350
1759175963.3204398,1.8553,1.8554,1.855350
1759175963.5745342,1.8551,1.8552,1.855150
1759175963.8272464,1.8549,1.855,1.854950
1759175964.1032002,1.8549,1.855,1.854950
1759175964.3606498,1.8549,1.855,1.854950
1759175964.648603,1.8549,1.855,1.854950
1759175965.3498769,1.8548,1.855,1.854900
1759175965.6255383,1.8545,1.8547,1.854600
1759175965.8748472,1.8544,1.8545,1.854450
1759175966.122753,1.8537,1.8538,1.853750
1759175966.3800406,1.8537,1.8538,1.853750
1759175966.6357486,1.8537,1.8538,1.853750
1759175966.8907187,1.8537,1.8538,1.853750
1759175967.215509,1.8538,1.8539,1.853850
1759175967.4843333,1.8539,1.854,1.853950
1759175967.754742,1.8539,1.854,1.853950
1759175968.0117698,1.8539,1.854,1.853950
1759175968.2750213,1.8537,1.8538,1.853750
1759175968.5311604,1.8534,1.8535,1.853450
1759175968.795046,1.853,1.8531,1.853050
1759175969.052394,1.853,1.8531,1.853050
1759175969.3116362,1.8527,1.8528,1.852750
1759175969.5649245,1.8527,1.8528,1.852750
1759175969.843769,1.8527,1.8528,1.852750
1759175970.1166785,1.8527,1.8528,1.852750
1759175970.3676374,1.8527,1.8528,1.852750
1759175970.6375706,1.8527,1.8528,1.852750
1759175970.8984547,1.8527,1.8528,1.852750
1759175971.5266788,1.853,1.8531,1.853050
1759175971.7848783,1.853,1.8531,1.853050
1759175972.0353496,1.853,1.8531,1.853050
1759175972.3090582,1.8527,1.8531,1.852900
1759175972.553867,1.8527,1.8528,1.852750
1759175972.8032043,1.8527,1.8528,1.852750
1759175973.0569186,1.8525,1.8528,1.852650
1759175973.320793,1.8526,1.8527,1.852650
1759175973.57729,1.8526,1.8528,1.852700
1759175973.8298547,1.8527,1.8529,1.852800
1759175974.083781,1.8527,1.8528,1.852750
1759175974.333366,1.8527,1.8528,1.852750
1759175974.5909688,1.8527,1.8528,1.852750
1759175974.8569248,1.8527,1.853,1.852850
1759175975.1117556,1.8529,1.853,1.852950
1759175975.3581696,1.8529,1.853,1.852950
1759175975.6331134,1.8529,1.853,1.852950
1759175975.9062388,1.8529,1.853,1.852950
1759175976.161478,1.8529,1.853,1.852950
1759175976.4236815,1.8526,1.8527,1.852650
1759175976.6820085,1.8526,1.8527,1.852650
1759175977.0242023,1.8526,1.8527,1.852650
1759175977.2825825,1.8526,1.8527,1.852650
1759175977.6020527,1.8526,1.8527,1.852650
1759175978.2619183,1.8526,1.8527,1.852650
1759175978.510853,1.8526,1.8527,1.852650
1759175978.814389,1.8526,1.8527,1.852650
1759175979.2063844,1.8525,1.8526,1.852550
1759175979.464089,1.8524,1.8525,1.852450
1759175979.7142334,1.8523,1.8524,1.852350
1759175979.9857244,1.8523,1.8524,1.852350
1759175980.242144,1.8523,1.8524,1.852350
1759175980.5128868,1.8516,1.8517,1.851650
1759175980.7691796,1.8516,1.8517,1.851650
1759175981.0218368,1.8512,1.8513,1.851250
1759175981.295078,1.8504,1.8505,1.850450
1759175981.557989,1.8498,1.8504,1.850100
1759175981.8133094,1.8496,1.8497,1.849650
1759175982.0691183,1.8495,1.8497,1.849600
1759175982.318611,1.8495,1.8496,1.849550
1759175982.5805235,1.8487,1.8488,1.848750
1759175982.8552709,1.8485,1.8487,1.848600
1759175983.105141,1.8484,1.8485,1.848450
1759175983.3694224,1.8481,1.8484,1.848250
1759175983.621233,1.8477,1.8478,1.847750
1759175983.8706658,1.8477,1.848,1.847850
1759175984.1222484,1.8477,1.8478,1.847750
1759175984.4625328,1.8477,1.8478,1.847750
1759175984.7491553,1.8479,1.8483,1.848100
1759175984.9745703,1.848,1.8481,1.848050
1759175985.246802,1.8478,1.8479,1.847850
1759175985.4816246,1.8477,1.8479,1.847800
1759175985.7332792,1.8478,1.8479,1.847850
1759175986.0155709,1.8478,1.8479,1.847850
1759175986.273082,1.8478,1.8479,1.847850
1759175986.5265548,1.848,1.8488,1.848400
1759175986.7717993,1.8487,1.8488,1.848750
1759175987.0328932,1.8487,1.8488,1.848750
1759175987.28893,1.8482,1.8487,1.848450
1759175987.550735,1.8481,1.8484,1.848250
1759175987.8016036,1.8487,1.8489,1.848800
1759175988.0527313,1.8488,1.8489,1.848850
1759175988.309872,1.8488,1.8489,1.848850
1759175988.5744128,1.8488,1.8489,1.848850
1759175988.8968806,1.8489,1.8492,1.849050
1759175989.146411,1.8493,1.8494,1.849350
1759175989.4504025,1.8493,1.8494,1.849350
1759175989.7507217,1.8493,1.8494,1.849350
1759175990.0330195,1.849,1.8491,1.849050
1759175990.2960808,1.849,1.8491,1.849050
1759175990.5481658,1.8499,1.8501,1.850000
1759175990.7996354,1.8499,1.8501,1.850000
1759175991.0512302,1.8499,1.85,1.849950
1759175991.3196566,1.8499,1.85,1.849950
1759175991.5775168,1.8499,1.85,1.849950
1759175991.8532927,1.8499,1.85,1.849950
1759175992.1148694,1.8499,1.85,1.849950
1759175992.5023699,1.8499,1.8502,1.850050
1759175992.7594743,1.8503,1.8504,1.850350
1759175993.0106757,1.8503,1.8504,1.850350
1759175993.2976935,1.8503,1.8504,1.850350
1759175993.5680091,1.8501,1.8507,1.850400
1759175993.8210287,1.8501,1.8502,1.850150
1759175994.0736036,1.8501,1.8502,1.850150
1759175994.3553734,1.8501,1.8502,1.850150
1759175994.6397865,1.8501,1.8502,1.850150
1759175994.8916862,1.8497,1.8502,1.849950
1759175995.1431053,1.8498,1.8499,1.849850
1759175995.3963237,1.8498,1.8499,1.849850
1759175995.647109,1.8499,1.85,1.849950
1759175995.9041138,1.8499,1.85,1.849950
1759175996.1585855,1.8499,1.85,1.849950
1759175996.4245942,1.8499,1.85,1.849950
1759175996.6731894,1.8498,1.85,1.849900
1759175996.9662256,1.8498,1.85,1.849900
1759175997.2245154,1.8498,1.85,1.849900
1759175997.5173523,1.8498,1.85,1.849900
1759175997.768523,1.8498,1.8499,1.849850
1759175998.0183814,1.8498,1.8499,1.849850
1759175998.2837348,1.8498,1.8499,1.849850
1759175998.5301313,1.8501,1.8502,1.850150
1759175998.7920814,1.8497,1.8502,1.849950
1759175999.0422382,1.8495,1.8497,1.849600
1759175999.3054578,1.8495,1.8496,1.849550
1759175999.5480251,1.8495,1.8496,1.849550
1759175999.810371,1.8495,1.8496,1.849550
1759176000.098053,1.8495,1.8496,1.849550
1759176000.3808482,1.8494,1.8495,1.849450
1759176000.640372,1.8494,1.8495,1.849450
1759176000.9702647,1.8493,1.8494,1.849350
1759176001.2252412,1.849,1.8492,1.849100
1759176001.4742448,1.8491,1.8492,1.849150
1759176001.7235036,1.849,1.8491,1.849050
1759176001.9817402,1.849,1.8491,1.849050
1759176002.2427459,1.8485,1.8488,1.848650
1759176002.5009732,1.848,1.8486,1.848300
1759176002.7553263,1.848,1.8481,1.848050
1759176003.0057738,1.8476,1.8477,1.847650
1759176003.2955613,1.8474,1.8475,1.847450
1759176003.518774,1.8472,1.8474,1.847300
1759176003.7601001,1.8474,1.8475,1.847450
1759176004.0107362,1.8474,1.8475,1.847450
1759176004.2711606,1.8473,1.8474,1.847350
1759176004.5204804,1.8473,1.8474,1.847350
1759176004.776828,1.8469,1.847,1.846950
1759176005.033643,1.8465,1.847,1.846750
1759176005.2871454,1.8457,1.8464,1.846050
1759176005.5346518,1.8453,1.8454,1.845350
1759176005.801398,1.845,1.8451,1.845050
1759176006.0573492,1.845,1.8451,1.845050
1759176006.3097572,1.845,1.8451,1.845050
1759176006.5649943,1.8447,1.8448,1.844750
1759176006.815013,1.8447,1.8448,1.844750
1759176007.065859,1.8447,1.8448,1.844750
1759176007.3226924,1.8457,1.846,1.845850
1759176007.5721397,1.8457,1.8458,1.845750
1759176007.8222542,1.8453,1.8454,1.845350
1759176008.0722992,1.8453,1.8454,1.845350
1759176008.3236558,1.8454,1.8455,1.845450
1759176008.576309,1.8451,1.8452,1.845150
1759176008.8278792,1.8448,1.8449,1.844850
1759176009.0816438,1.8445,1.8448,1.844650
1759176009.337292,1.8444,1.8445,1.844450
1759176009.5949361,1.844,1.8441,1.844050
1759176009.8550038,1.844,1.8441,1.844050
1759176010.1090486,1.844,1.8441,1.844050
1759176010.360048,1.8449,1.845,1.844950
1759176010.7053928,1.8449,1.845,1.844950
1759176010.953302,1.845,1.8451,1.845050
1759176011.1228623,1.845,1.8451,1.845050
1759176011.3869002,1.845,1.8451,1.845050
1759176011.637534,1.8452,1.8453,1.845250
1759176011.8888555,1.8454,1.8455,1.845450
1759176012.145091,1.8454,1.8455,1.845450
1759176012.3967562,1.8449,1.845,1.844950
1759176012.6541312,1.8449,1.845,1.844950
1759176012.9158292,1.8448,1.8449,1.844850
1759176013.1936412,1.8448,1.8449,1.844850
1759176013.4381702,1.8444,1.8445,1.844450
1759176013.6916773,1.8441,1.8442,1.844150
1759176013.9821813,1.8439,1.8442,1.844050
1759176014.227814,1.8439,1.8441,1.844000
1759176014.4824905,1.8439,1.844,1.843950
1759176014.8085155,1.8443,1.8444,1.844350
1759176015.0636983,1.8443,1.8444,1.844350
1759176015.3135035,1.8447,1.8448,1.844750
1759176015.5652988,1.8447,1.8448,1.844750
1759176015.8371947,1.8447,1.8449,1.844800
1759176016.0875425,1.8449,1.8455,1.845200
1759176016.3374484,1.8456,1.8457,1.845650
1759176016.594336,1.846,1.8467,1.846350
1759176016.8490431,1.8462,1.8463,1.846250
1759176017.096547,1.8466,1.8467,1.846650
1759176017.3502254,1.8466,1.8467,1.846650
1759176017.6055777,1.8466,1.8467,1.846650
1759176017.8699212,1.8466,1.8467,1.846650
1759176018.1379442,1.8461,1.8462,1.846150
1759176018.4085262,1.8459,1.8461,1.846000
1759176018.6339772,1.8459,1.846,1.845950
1759176018.8839848,1.8458,1.8459,1.845850
1759176019.14303,1.8459,1.846,1.845950
1759176019.390855,1.8467,1.8468,1.846750
1759176019.6418934,1.8461,1.8465,1.846300
1759176019.8951821,1.8461,1.8462,1.846150
1759176020.1511552,1.8461,1.8462,1.846150
1759176020.4026845,1.8466,1.8467,1.846650
1759176020.6521459,1.8466,1.8467,1.846650
1759176020.9054785,1.8466,1.8467,1.846650
1759176021.18383,1.8466,1.8467,1.846650
1759176021.4231093,1.8461,1.8467,1.846400
1759176021.6861646,1.8462,1.8463,1.846250
1759176021.941972,1.8462,1.8463,1.846250
1759176022.1931648,1.8462,1.8463,1.846250
1759176022.5598538,1.8462,1.8463,1.846250
1759176022.829746,1.8462,1.8463,1.846250
1759176023.0862365,1.8462,1.8463,1.846250
1759176023.3887243,1.8462,1.8463,1.846250
1759176023.6756608,1.8458,1.8459,1.845850
1759176023.9256248,1.8454,1.8455,1.845450
1759176024.1928315,1.8454,1.8455,1.845450
1759176024.4262187,1.8454,1.8455,1.845450
1759176024.6959734,1.8454,1.8455,1.845450
1759176024.9492998,1.8456,1.846,1.845800
1759176025.1989028,1.8459,1.8463,1.846100
1759176025.5550177,1.8459,1.846,1.845950
1759176025.720143,1.8459,1.846,1.845950
1759176025.975952,1.8463,1.8466,1.846450
1759176026.2232382,1.8465,1.8466,1.846550
1759176026.4790075,1.8467,1.8468,1.846750
1759176026.7819214,1.8467,1.8468,1.846750
1759176027.0389013,1.8468,1.8469,1.846850
1759176027.2890208,1.8468,1.8469,1.846850
1759176027.5428865,1.8465,1.8466,1.846550
1759176027.7950008,1.8462,1.8465,1.846350
1759176028.0451157,1.8462,1.8465,1.846350
1759176028.296299,1.8464,1.8465,1.846450
1759176028.5476685,1.8468,1.8469,1.846850
1759176028.8077943,1.8468,1.8469,1.846850
1759176029.101174,1.8468,1.8469,1.846850
1759176029.3577518,1.8468,1.8469,1.846850
1759176029.6138215,1.8469,1.847,1.846950
1759176029.8653123,1.8469,1.847,1.846950
1759176030.1157181,1.847,1.8471,1.847050
1759176030.3670871,1.8471,1.8472,1.847150
1759176030.6324654,1.8471,1.8472,1.847150
1759176030.8874629,1.8472,1.8473,1.847250
1759176031.1362967,1.8472,1.8473,1.847250
1759176031.4323425,1.8472,1.8474,1.847300
1759176031.6855407,1.8473,1.8474,1.847350
1759176031.9378388,1.8473,1.8474,1.847350
1759176032.1882083,1.8473,1.8474,1.847350
1759176032.4923632,1.8473,1.8474,1.847350
1759176032.7135332,1.8473,1.8475,1.847400
1759176032.9420063,1.8474,1.8475,1.847450
1759176033.1965787,1.8474,1.8475,1.847450
1759176033.4573045,1.8475,1.8476,1.847550
1759176033.711012,1.8475,1.8476,1.847550
1759176033.9627686,1.8476,1.8478,1.847700
1759176034.2190192,1.8477,1.8478,1.847750
1759176034.4755425,1.8478,1.8479,1.847850
1759176034.7262871,1.8478,1.8479,1.847850
1759176034.9939985,1.8479,1.848,1.847950
1759176035.247087,1.8479,1.848,1.847950
1759176035.5035915,1.8481,1.8482,1.848150
1759176035.7603767,1.8482,1.8483,1.848250
1759176036.0111926,1.8489,1.8491,1.849000
1759176036.2608433,1.8495,1.8499,1.849700
1759176036.512245,1.8498,1.8499,1.849850
1759176036.7914486,1.8498,1.8499,1.849850
1759176037.0408816,1.8499,1.85,1.849950
1759176037.2930665,1.8499,1.85,1.849950
1759176037.5455205,1.8499,1.85,1.849950
1759176037.7957244,1.8499,1.85,1.849950
1759176038.0537949,1.8499,1.85,1.849950
1759176038.3663242,1.8499,1.85,1.849950
1759176038.672677,1.8499,1.8501,1.850000
1759176038.918646,1.85,1.8501,1.850050
1759176039.1955178,1.8506,1.8507,1.850650
1759176039.4403224,1.8506,1.8507,1.850650
1759176039.73423,1.8506,1.8507,1.850650
1759176039.9928906,1.8506,1.8507,1.850650
1759176040.24767,1.8507,1.8508,1.850750
1759176040.5040948,1.8508,1.8509,1.850850
1759176040.7566764,1.8515,1.8516,1.851550
1759176041.011915,1.8515,1.8517,1.851600
1759176041.262717,1.8517,1.8518,1.851750
1759176041.520775,1.8517,1.8518,1.851750
1759176041.7714043,1.8519,1.852,1.851950
1759176042.0255473,1.8519,1.852,1.851950
1759176042.2839606,1.8519,1.852,1.851950
1759176042.6431684,1.8515,1.8518,1.851650
1759176042.8965557,1.8513,1.8514,1.851350
1759176043.1711993,1.8509,1.851,1.850950
1759176043.4228127,1.8508,1.851,1.850900
1759176043.6728516,1.8504,1.8506,1.850500
1759176043.930257,1.8504,1.8505,1.850450
1759176044.1766686,1.85,1.8501,1.850050
1759176044.4272337,1.85,1.8501,1.850050
1759176044.6880023,1.8507,1.8508,1.850750
1759176044.9385955,1.8507,1.8508,1.850750
1759176045.2198272,1.8515,1.8516,1.851550
1759176045.451017,1.8525,1.8526,1.852550
1759176045.7036028,1.853,1.8531,1.853050
1759176045.9546783,1.8531,1.8532,1.853150
1759176046.219389,1.8532,1.8533,1.853250
1759176046.4710915,1.8532,1.8533,1.853250
1759176046.721478,1.8532,1.8533,1.853250
1759176046.9890747,1.8533,1.8534,1.853350
1759176047.2388673,1.8534,1.8535,1.853450
1759176047.4917803,1.8534,1.8535,1.853450
1759176047.76257,1.8534,1.8535,1.853450
1759176048.0390184,1.8535,1.8536,1.853550
1759176048.2909098,1.8535,1.8536,1.853550
1759176048.625351,1.8535,1.8536,1.853550
1759176048.9253783,1.8535,1.8536,1.853550
1759176049.1792943,1.8533,1.8534,1.853350
1759176049.4283712,1.8533,1.8534,1.853350
1759176049.6982017,1.8533,1.8534,1.853350
1759176049.9549804,1.8533,1.8534,1.853350
1759176050.2063394,1.8535,1.8536,1.853550
1759176050.4579656,1.8539,1.854,1.853950
1759176050.7118495,1.8539,1.854,1.853950
1759176050.9752927,1.8539,1.854,1.853950
1759176051.2489364,1.854,1.8541,1.854050
1759176051.500454,1.854,1.8541,1.854050
1759176051.7622206,1.8542,1.8546,1.854400
1759176052.047186,1.8542,1.8545,1.854350
1759176052.283082,1.8544,1.8545,1.854450
1759176052.5390491,1.8538,1.854,1.853900
1759176052.7967994,1.8538,1.8541,1.853950
1759176053.0461435,1.8538,1.8541,1.853950
1759176053.296794,1.8541,1.8543,1.854200
1759176053.552522,1.8542,1.8543,1.854250
1759176053.8061953,1.8542,1.8543,1.854250
1759176054.0566077,1.8542,1.8543,1.854250
1759176054.3612533,1.8542,1.8543,1.854250
1759176054.6122243,1.8546,1.8547,1.854650
1759176054.8659801,1.8546,1.8547,1.854650
1759176055.1299386,1.8546,1.8547,1.854650
1759176055.388523,1.8544,1.8547,1.854550
1759176055.6378865,1.8541,1.8546,1.854350
1759176055.905878,1.8543,1.8544,1.854350
1759176056.156325,1.8543,1.8544,1.854350
1759176056.5021613,1.8543,1.8544,1.854350
1759176056.7530625,1.8546,1.8547,1.854650
1759176057.0028481,1.8546,1.8547,1.854650
1759176057.257484,1.8546,1.8547,1.854650
1759176057.5230834,1.8543,1.8546,1.854450
1759176057.784105,1.854,1.8544,1.854200
1759176058.0668612,1.8543,1.8544,1.854350
1759176058.3170266,1.8543,1.8544,1.854350
1759176058.5798852,1.8543,1.8544,1.854350
1759176058.8328223,1.8541,1.8542,1.854150
1759176059.107602,1.8541,1.8542,1.854150
1759176059.3725424,1.8536,1.8537,1.853650
1759176059.6203654,1.8534,1.8537,1.853550
1759176059.8887584,1.8532,1.8533,1.853250
1759176060.1362352,1.8532,1.8533,1.853250
1759176060.3984234,1.8539,1.854,1.853950
1759176060.6374285,1.8539,1.854,1.853950
1759176060.8866649,1.8541,1.8542,1.854150
1759176061.1423254,1.8541,1.8542,1.854150
1759176061.396226,1.8539,1.8542,1.854050
1759176061.6472092,1.8535,1.8536,1.853550
1759176061.9095821,1.8535,1.8536,1.853550
1759176062.1752114,1.8535,1.8536,1.853550
1759176062.4354713,1.8535,1.8536,1.853550
1759176062.7460804,1.8535,1.8536,1.853550
1759176062.9969034,1.8535,1.8536,1.853550
1759176063.269285,1.8535,1.8536,1.853550
1759176063.530899,1.853,1.8531,1.853050
1759176063.7814348,1.853,1.8531,1.853050
1759176064.0753317,1.853,1.8531,1.853050
1759176064.3322232,1.8521,1.8525,1.852300
1759176064.5978994,1.8521,1.8522,1.852150
1759176064.8469024,1.8519,1.852,1.851950
1759176065.0998929,1.8519,1.852,1.851950
1759176065.355348,1.8512,1.8513,1.851250
1759176065.6074638,1.8508,1.8509,1.850850
1759176065.856043,1.8504,1.8507,1.850550
1759176066.116671,1.8507,1.8508,1.850750
1759176066.3751118,1.8507,1.8508,1.850750
1759176066.6441915,1.8507,1.8508,1.850750
1759176066.9284546,1.851,1.8512,1.851100
1759176067.1649761,1.8511,1.8512,1.851150
1759176067.5240088,1.8513,1.8516,1.851450
1759176067.775467,1.8516,1.8517,1.851650
1759176068.0320802,1.8516,1.8517,1.851650
1759176068.3344202,1.8519,1.852,1.851950
1759176068.5989296,1.8509,1.851,1.850950
1759176068.8494093,1.8509,1.851,1.850950
1759176069.1155398,1.8509,1.851,1.850950
1759176069.3713896,1.8509,1.851,1.850950
1759176069.6380408,1.8505,1.8506,1.850550
1759176069.9215987,1.8505,1.8506,1.850550
1759176070.215345,1.8505,1.8506,1.850550
1759176070.4727387,1.8505,1.8506,1.850550
1759176070.7272558,1.8505,1.8506,1.850550
1759176071.0630133,1.8505,1.8508,1.850650
1759176071.3158517,1.8507,1.8508,1.850750
1759176071.5788672,1.8507,1.8508,1.850750
1759176071.8346128,1.85,1.8501,1.850050
1759176072.0839958,1.8498,1.8499,1.849850
1759176072.350093,1.8498,1.8499,1.849850
1759176072.6128848,1.8498,1.8504,1.850100
1759176072.8651795,1.8511,1.8512,1.851150
1759176073.1153362,1.8514,1.8515,1.851450
1759176073.3634253,1.8514,1.8515,1.851450
1759176073.6232135,1.8514,1.8515,1.851450
1759176073.87268,1.851,1.8511,1.851050
1759176074.1303518,1.8507,1.851,1.850850
1759176074.3973107,1.8505,1.8509,1.850700
1759176074.647793,1.8506,1.8507,1.850650
1759176074.9097505,1.8506,1.8507,1.850650
1759176075.1992605,1.8506,1.8507,1.850650
1759176075.4279504,1.8506,1.8507,1.850650
1759176075.6927564,1.8506,1.8507,1.850650
1759176076.0577497,1.8509,1.851,1.850950
1759176076.308693,1.8515,1.8516,1.851550
1759176076.5601025,1.8516,1.8517,1.851650
1759176076.8239412,1.8516,1.8517,1.851650
1759176077.0840251,1.8517,1.8522,1.851950
1759176077.3360794,1.8521,1.8526,1.852350
1759176077.5851855,1.8521,1.8522,1.852150
1759176077.8606243,1.852,1.8522,1.852100
1759176078.1273725,1.8516,1.8517,1.851650
1759176078.407042,1.8516,1.8517,1.851650
1759176078.6546755,1.8516,1.8517,1.851650
1759176078.9197302,1.8514,1.8516,1.851500
1759176079.1761186,1.8514,1.8515,1.851450
1759176079.443313,1.8511,1.8514,1.851250
1759176079.694609,1.851,1.8512,1.851100
1759176079.9478903,1.851,1.8511,1.851050
1759176080.1990726,1.8514,1.8515,1.851450
1759176080.450621,1.8516,1.8519,1.851750
1759176080.7043562,1.8514,1.8515,1.851450
1759176080.9542487,1.8514,1.8515,1.851450
1759176081.2295034,1.8514,1.8515,1.851450
1759176081.4757898,1.8514,1.8515,1.851450
1759176081.7802951,1.851,1.8511,1.851050
1759176082.034225,1.851,1.8511,1.851050
1759176082.3076746,1.851,1.8511,1.851050
1759176082.6431751,1.851,1.8511,1.851050
1759176083.0136821,1.851,1.8511,1.851050
1759176083.3185925,1.851,1.8511,1.851050
1759176083.6508803,1.851,1.8511,1.851050
1759176083.9068866,1.851,1.8511,1.851050
1759176084.1798203,1.8512,1.8513,1.851250
1759176084.4172478,1.8512,1.8515,1.851350
1759176084.6691086,1.8515,1.8516,1.851550
1759176084.9199758,1.8515,1.8516,1.851550
1759176085.1813514,1.8515,1.8516,1.851550
1759176085.4738004,1.8515,1.8516,1.851550
1759176085.8061287,1.852,1.8527,1.852350
1759176086.0420747,1.8526,1.8527,1.852650
1759176086.2927651,1.8526,1.8527,1.852650
1759176086.5529764,1.8529,1.853,1.852950
1759176086.8048267,1.8529,1.853,1.852950
1759176087.0562754,1.8531,1.8532,1.853150
1759176087.30857,1.8533,1.8534,1.853350
1759176087.5607853,1.8533,1.8534,1.853350
1759176087.9294674,1.8533,1.8534,1.853350
1759176088.1878939,1.8533,1.8534,1.853350
1759176088.4586346,1.853,1.8531,1.853050
1759176088.7255678,1.853,1.8531,1.853050
1759176089.0422604,1.853,1.8531,1.853050
1759176089.285543,1.853,1.8531,1.853050
1759176089.5580282,1.8532,1.8535,1.853350
1759176089.829043,1.8535,1.8536,1.853550
1759176090.0771403,1.8535,1.8536,1.853550
1759176090.358866,1.8535,1.8536,1.853550
1759176090.6486576,1.8535,1.8536,1.853550
1759176090.9154313,1.8535,1.8538,1.853650
1759176091.1792512,1.8535,1.8536,1.853550
1759176091.44005,1.8535,1.8536,1.853550
1759176091.703528,1.8535,1.8536,1.853550
1759176091.9667656,1.8535,1.8536,1.853550
1759176092.2181504,1.8535,1.8536,1.853550
1759176092.4689517,1.8535,1.8536,1.853550
1759176092.7524478,1.8537,1.8538,1.853750
1759176092.9975128,1.854,1.8545,1.854250
1759176093.2482243,1.8547,1.8548,1.854750
1759176093.4977233,1.8551,1.8554,1.855250
1759176093.7482867,1.8554,1.8559,1.855650
1759176094.008093,1.8559,1.856,1.855950
1759176094.2608309,1.8559,1.856,1.855950
1759176094.5129774,1.856,1.8561,1.856050
1759176094.7654753,1.8559,1.856,1.855950
1759176095.0219753,1.8559,1.856,1.855950
1759176095.400818,1.8557,1.8558,1.855750
1759176095.7130933,1.8557,1.8558,1.855750
1759176096.0040023,1.8557,1.8558,1.855750
1759176096.3911996,1.8557,1.8558,1.855750
1759176096.6311178,1.8558,1.8559,1.855850
1759176096.8818846,1.8558,1.8559,1.855850
1759176097.155238,1.8558,1.8559,1.855850
1759176097.4820366,1.8545,1.8552,1.854850
1759176097.730565,1.8545,1.8546,1.854550
1759176097.9802663,1.8545,1.8546,1.854550
1759176098.2424185,1.8545,1.8546,1.854550
1759176098.497965,1.8545,1.8546,1.854550
1759176098.7464726,1.854,1.8541,1.854050
1759176099.000476,1.8555,1.8556,1.855550
1759176099.2863657,1.8559,1.856,1.855950
1759176099.5066013,1.8562,1.8563,1.856250
1759176099.761427,1.8564,1.8565,1.856450
1759176100.0175836,1.8565,1.8566,1.856550
1759176100.2794652,1.8567,1.8568,1.856750
1759176100.5790381,1.8568,1.8569,1.856850
1759176100.8286016,1.8568,1.8569,1.856850
1759176101.0786607,1.8568,1.8569,1.856850
1759176101.364215,1.8569,1.8573,1.857100
1759176101.6147907,1.8572,1.8573,1.857250
1759176101.8678129,1.8572,1.8573,1.857250
1759176102.2276626,1.8572,1.8573,1.857250
1759176102.439439,1.8561,1.8564,1.856250
1759176102.687132,1.8564,1.8565,1.856450
1759176102.9447522,1.8564,1.8565,1.856450
1759176103.1960232,1.8564,1.8565,1.856450
1759176103.50281,1.8564,1.8565,1.856450
1759176103.6966913,1.8564,1.8565,1.856450
1759176103.9532263,1.8561,1.8562,1.856150
1759176104.2121084,1.8563,1.8564,1.856350
1759176104.4989586,1.8563,1.8564,1.856350
1759176104.7609084,1.8563,1.8564,1.856350
1759176105.012527,1.856,1.8561,1.856050
1759176105.2641075,1.856,1.8561,1.856050
1759176105.5139456,1.8557,1.8559,1.855800
1759176105.7671297,1.8557,1.8558,1.855750
1759176106.0543048,1.8557,1.8558,1.855750
1759176106.314078,1.8557,1.8558,1.855750
1759176106.837509,1.8557,1.8558,1.855750
1759176107.1219306,1.8557,1.8558,1.855750
1759176107.413687,1.8557,1.8558,1.855750
1759176107.6654954,1.8558,1.8559,1.855850
1759176107.922486,1.8558,1.8559,1.855850
1759176108.238078,1.8558,1.8559,1.855850
1759176108.4379556,1.8558,1.8559,1.855850
1759176108.7249134,1.8558,1.8559,1.855850
1759176109.0974874,1.8558,1.8559,1.855850
1759176109.3897178,1.8558,1.8559,1.855850
1759176109.647947,1.8558,1.8559,1.855850
1759176109.9985707,1.8558,1.8559,1.855850
1759176110.2539787,1.855,1.8551,1.855050
1759176110.5639727,1.855,1.8551,1.855050
1759176110.7616458,1.8556,1.8557,1.855650
1759176111.012733,1.856,1.8561,1.856050
1759176111.3091614,1.8557,1.8561,1.855900
1759176111.5234282,1.8556,1.8557,1.855650
1759176111.7784853,1.8556,1.8557,1.855650
1759176112.0310555,1.8554,1.8556,1.855500
1759176112.2876728,1.8554,1.8555,1.855450
1759176112.5537062,1.8553,1.8554,1.855350
1759176112.8101156,1.8553,1.8554,1.855350
1759176113.0662453,1.8553,1.8554,1.855350
1759176113.4239395,1.8553,1.8554,1.855350
1759176113.8119714,1.8553,1.8554,1.855350
1759176114.0959382,1.855,1.8551,1.855050
1759176114.3484097,1.8548,1.8549,1.854850
1759176114.6018145,1.8546,1.8548,1.854700
1759176114.8602831,1.8546,1.8547,1.854650
1759176115.1187353,1.8546,1.8547,1.854650
1759176115.461104,1.8546,1.8547,1.854650
1759176115.717439,1.8543,1.8544,1.854350
1759176115.9678607,1.8543,1.8544,1.854350
1759176116.2252717,1.854,1.8542,1.854100
1759176116.477134,1.854,1.8541,1.854050
1759176116.743122,1.854,1.8541,1.854050
1759176117.24075,1.854,1.8541,1.854050
1759176117.4717855,1.8539,1.8543,1.854100
1759176117.735733,1.8542,1.8543,1.854250
1759176117.9863908,1.8542,1.8543,1.854250
1759176118.2420485,1.8542,1.8543,1.854250
1759176118.512726,1.8542,1.8543,1.854250
1759176118.7699971,1.8542,1.8543,1.854250
1759176119.1482427,1.8542,1.8543,1.854250
1759176119.4358025,1.8542,1.8543,1.854250
1759176119.7110195,1.8546,1.8549,1.854750
1759176119.9731765,1.8548,1.8549,1.854850
1759176120.301883,1.8548,1.8549,1.854850
1759176120.6033738,1.8548,1.8549,1.854850
1759176120.874563,1.8537,1.8544,1.854050
1759176121.1258817,1.853,1.8536,1.853300
1759176121.376833,1.8521,1.8528,1.852450
1759176121.6283276,1.8524,1.8525,1.852450
1759176121.8807492,1.8524,1.8525,1.852450
1759176122.1454535,1.8524,1.8525,1.852450
1759176122.5987604,1.8524,1.8525,1.852450
1759176122.9856753,1.8524,1.8525,1.852450
1759176123.2404885,1.852,1.8521,1.852050
1759176123.4903226,1.8519,1.852,1.851950
1759176123.754494,1.8519,1.852,1.851950
1759176124.0157988,1.8519,1.852,1.851950
1759176124.3203743,1.8515,1.8519,1.851700
1759176124.5682127,1.8518,1.8519,1.851850
1759176124.8711998,1.8518,1.8521,1.851950
1759176125.121127,1.8522,1.8523,1.852250
1759176125.3804772,1.8522,1.8523,1.852250
1759176125.6549911,1.8522,1.8528,1.852500
1759176125.902657,1.8535,1.8536,1.853550
1759176126.1678846,1.8539,1.854,1.853950
1759176126.4197977,1.8539,1.854,1.853950
1759176126.671137,1.8539,1.854,1.853950
1759176126.9648721,1.8539,1.854,1.853950
1759176127.2203445,1.8539,1.854,1.853950
1759176127.4705677,1.854,1.8541,1.854050
1759176127.719189,1.854,1.8541,1.854050
1759176127.973411,1.854,1.8541,1.854050
1759176128.260944,1.854,1.8541,1.854050
1759176128.5150137,1.8535,1.8536,1.853550
1759176128.7665045,1.8533,1.8536,1.853450
1759176129.0266824,1.8533,1.8534,1.853350
1759176129.316304,1.8533,1.8534,1.853350
1759176129.5480714,1.8533,1.8534,1.853350
1759176129.7968411,1.8535,1.8536,1.853550
1759176130.0532706,1.8535,1.8537,1.853600
1759176130.3057418,1.8536,1.8539,1.853750
1759176130.5607274,1.8532,1.8536,1.853400
1759176130.812768,1.8532,1.8536,1.853400
1759176131.0749836,1.8532,1.8533,1.853250
1759176131.3534808,1.8533,1.8538,1.853550
1759176131.603677,1.8539,1.854,1.853950
1759176131.856292,1.854,1.8545,1.854250
1759176132.1059997,1.8545,1.8546,1.854550
1759176132.3624084,1.8545,1.8546,1.854550
1759176132.6264176,1.8545,1.8546,1.854550
1759176132.879377,1.8541,1.8543,1.854200
1759176133.1325023,1.8541,1.8542,1.854150
1759176133.4163625,1.8541,1.8546,1.854350
1759176133.68158,1.8541,1.8542,1.854150
1759176133.9691398,1.8541,1.8546,1.854350
1759176134.2302136,1.8538,1.8539,1.853850
1759176134.47163,1.8538,1.8539,1.853850
1759176134.7583241,1.8538,1.8539,1.853850
1759176135.0130837,1.8537,1.8538,1.853750
1759176135.270923,1.8537,1.8538,1.853750
1759176135.5243378,1.8537,1.8538,1.853750
1759176135.7739341,1.854,1.8545,1.854250
1759176136.036737,1.8541,1.8542,1.854150
1759176136.31233,1.8541,1.8544,1.854250
1759176136.5710874,1.8541,1.8542,1.854150
1759176136.843973,1.8541,1.8542,1.854150
1759176137.0969613,1.854,1.8545,1.854250
1759176137.3489246,1.8538,1.8544,1.854100
1759176137.629005,1.854,1.8541,1.854050
1759176137.8800168,1.854,1.8543,1.854150
1759176138.1304288,1.854,1.8541,1.854050
1759176138.389015,1.8537,1.8538,1.853750
1759176138.6480234,1.8537,1.8538,1.853750
1759176138.910336,1.8538,1.8543,1.854050
1759176139.1707883,1.8537,1.8542,1.853950
1759176139.4260213,1.8538,1.8539,1.853850
1759176139.7117767,1.8538,1.8539,1.853850
1759176139.9626122,1.8538,1.8539,1.853850
1759176140.2306168,1.8534,1.8539,1.853650
1759176140.4805691,1.8531,1.8535,1.853300
1759176140.7327442,1.8531,1.8535,1.853300
1759176141.0055923,1.8537,1.854,1.853850
1759176141.2842839,1.8539,1.854,1.853950
1759176141.5314631,1.8539,1.854,1.853950
1759176141.792667,1.8539,1.854,1.853950
1759176142.1041074,1.8539,1.854,1.853950
1759176142.3557312,1.8536,1.854,1.853800
1759176142.6094801,1.8538,1.8539,1.853850
1759176142.906954,1.8538,1.8539,1.853850
1759176143.1971707,1.8538,1.8539,1.853850
1759176143.455612,1.8543,1.8544,1.854350
1759176143.7075374,1.8543,1.8544,1.854350
1759176143.9632702,1.8543,1.8544,1.854350
1759176144.2449923,1.8543,1.8544,1.854350
1759176144.4757733,1.854,1.8542,1.854100
1759176144.7332816,1.8536,1.8543,1.853950
1759176144.9893782,1.8537,1.8542,1.853950
1759176145.2463655,1.8538,1.8542,1.854000
1759176145.500849,1.8538,1.8542,1.854000
1759176145.797788,1.8538,1.8542,1.854000
1759176146.0653334,1.8541,1.8542,1.854150
1759176146.315089,1.8541,1.8542,1.854150
1759176146.6035354,1.8541,1.8542,1.854150
1759176146.8568685,1.8536,1.8537,1.853650
1759176147.1098473,1.8536,1.8537,1.853650
1759176147.3662207,1.8536,1.8537,1.853650
1759176147.655995,1.8536,1.8537,1.853650
1759176148.1593676,1.8536,1.8537,1.853650
1759176148.4601107,1.8536,1.8539,1.853750
1759176148.725666,1.8537,1.8538,1.853750
1759176148.990015,1.8537,1.8538,1.853750
1759176149.2743125,1.8537,1.854,1.853850
1759176149.5340796,1.8538,1.8539,1.853850
1759176149.7857518,1.8538,1.8539,1.853850
1759176150.0459883,1.8536,1.8537,1.853650
1759176150.3109474,1.8535,1.8537,1.853600
1759176150.567932,1.8535,1.8536,1.853550
1759176150.8209043,1.8535,1.8536,1.853550
1759176151.075099,1.8532,1.8533,1.853250
1759176151.3244572,1.853,1.8531,1.853050
1759176151.601508,1.8529,1.853,1.852950
1759176151.8719773,1.8529,1.853,1.852950
1759176152.1117537,1.8527,1.8528,1.852750
1759176152.3622243,1.8526,1.8528,1.852700
1759176152.6123362,1.8524,1.8528,1.852600
1759176152.870407,1.8527,1.8528,1.852750
1759176153.1418304,1.8527,1.8528,1.852750
1759176153.3918056,1.8528,1.853,1.852900
1759176153.650801,1.8528,1.8529,1.852850
1759176153.9269888,1.8528,1.8529,1.852850
1759176154.1983526,1.8524,1.8525,1.852450
1759176154.4320002,1.8524,1.8525,1.852450
1759176154.696275,1.8524,1.8525,1.852450
1759176154.9656577,1.8524,1.8525,1.852450
1759176155.2137976,1.8524,1.8525,1.852450
1759176155.463745,1.8527,1.8528,1.852750
1759176155.7483804,1.8526,1.8528,1.852700
1759176156.0531738,1.8527,1.8528,1.852750
1759176156.31715,1.8527,1.8528,1.852750
1759176156.5796075,1.8527,1.8528,1.852750
1759176156.8206193,1.8527,1.8528,1.852750
1759176157.082199,1.8531,1.8532,1.853150
1759176157.3552053,1.8531,1.8534,1.853250
1759176157.6128502,1.8533,1.8534,1.853350
1759176157.862601,1.8528,1.8533,1.853050
1759176158.1138015,1.8528,1.8529,1.852850
1759176158.3780725,1.8528,1.8529,1.852850
1759176158.6672444,1.8528,1.8529,1.852850
1759176158.9232776,1.8528,1.8529,1.852850
1759176159.2234206,1.8532,1.8533,1.853250
1759176159.443501,1.8532,1.8533,1.853250
1759176159.6921847,1.8532,1.8533,1.853250
1759176159.9565895,1.8532,1.8535,1.853350
1759176160.2049413,1.8532,1.8535,1.853350
1759176160.4955482,1.8534,1.8535,1.853450
1759176160.7490354,1.8535,1.8536,1.853550
1759176161.0033436,1.8538,1.8543,1.854050
1759176161.2529132,1.8542,1.8544,1.854300
1759176161.5035758,1.8543,1.8544,1.854350
1759176161.7645206,1.8543,1.8545,1.854400
1759176162.0272367,1.8544,1.8545,1.854450
1759176162.2870033,1.8544,1.8546,1.854500
1759176162.543569,1.8541,1.8543,1.854200
1759176162.8342977,1.8541,1.8542,1.854150
1759176163.1039221,1.8543,1.8544,1.854350
1759176163.3645422,1.8543,1.8544,1.854350
1759176163.6185164,1.8543,1.8544,1.854350
1759176163.9415634,1.8543,1.8544,1.854350
1759176164.2586002,1.8543,1.855,1.854650
1759176164.5099535,1.8548,1.8549,1.854850
1759176164.7605557,1.8548,1.8549,1.854850
1759176165.0337546,1.8548,1.8549,1.854850
1759176165.3183975,1.8551,1.8552,1.855150
1759176165.627584,1.8551,1.8552,1.855150
1759176165.8343863,1.8551,1.8552,1.855150
1759176166.1946273,1.8551,1.8552,1.855150
1759176166.479915,1.8551,1.8552,1.855150
1759176166.7393308,1.8551,1.8559,1.855500
1759176166.9808269,1.8558,1.8559,1.855850
1759176167.2399518,1.8559,1.8561,1.856000
1759176167.4826646,1.856,1.8561,1.856050
1759176167.7330818,1.8556,1.8557,1.855650
1759176167.998778,1.8556,1.8557,1.855650
1759176168.2920535,1.8556,1.8557,1.855650
1759176168.7299259,1.856,1.8561,1.856050
1759176168.994577,1.856,1.8561,1.856050
1759176169.2460363,1.856,1.8561,1.856050
1759176169.5428662,1.856,1.8561,1.856050
1759176169.798026,1.856,1.8561,1.856050
1759176170.0543687,1.8556,1.8557,1.855650
1759176170.3499992,1.854,1.8544,1.854200
1759176170.6153877,1.854,1.8541,1.854050
1759176170.8514502,1.854,1.8541,1.854050
1759176171.1165714,1.854,1.8541,1.854050
1759176171.3751707,1.854,1.8541,1.854050
1759176171.650145,1.854,1.8541,1.854050
1759176172.1647797,1.854,1.8541,1.854050
1759176172.534159,1.854,1.8541,1.854050
1759176172.854194,1.854,1.8541,1.854050
1759176173.3405242,1.8541,1.8542,1.854150
1759176173.6038563,1.8535,1.8539,1.853700
1759176173.8591027,1.8534,1.8536,1.853500
1759176174.1140285,1.8534,1.8535,1.853450
1759176174.3732584,1.8534,1.8535,1.853450
1759176174.6252117,1.8534,1.8535,1.853450
1759176174.9489665,1.854,1.8542,1.854100
1759176175.19938,1.8541,1.8542,1.854150
1759176175.4527757,1.8542,1.8547,1.854450
1759176175.7119074,1.8546,1.8547,1.854650
1759176175.959981,1.8546,1.8547,1.854650
1759176176.2343721,1.8546,1.8547,1.854650
1759176176.490855,1.8546,1.8547,1.854650
1759176176.831585,1.8546,1.8552,1.854900
1759176177.104564,1.8552,1.8553,1.855250
1759176177.3441553,1.8556,1.856,1.855800
1759176177.580847,1.8559,1.856,1.855950
1759176177.8341253,1.8561,1.8562,1.856150
1759264957.5602565,1.6568,1.6569,1.656850
1759264964.1976018,1.6565,1.6567,1.656600
1759264964.2621243,1.6565,1.6567,1.656600
1759264964.5203109,1.6566,1.6567,1.656650
1759264964.770962,1.6567,1.6571,1.656900
1759264965.0206053,1.6567,1.6568,1.656750
1759264965.2727349,1.6564,1.6565,1.656450
1759264965.5273762,1.6565,1.6566,1.656550
1759264965.7818136,1.6568,1.657,1.656900
1759264966.0324347,1.6569,1.6572,1.657050
1759264966.296197,1.6569,1.6571,1.657000
1759264966.567529,1.6571,1.6572,1.657150
1759264966.8202543,1.6571,1.6572,1.657150
1759264967.1479762,1.6571,1.6572,1.657150
1759264967.4609892,1.6571,1.6572,1.657150
1759264967.9531467,1.6571,1.6572,1.657150
1759264968.2370412,1.6566,1.6567,1.656650
1759264968.4860969,1.6566,1.6567,1.656650
1759264968.7367718,1.6566,1.6567,1.656650
1759264968.9941976,1.6566,1.6567,1.656650
1759264969.2464807,1.6566,1.6567,1.656650
1759264969.555443,1.6566,1.657,1.656800
1759264969.8174365,1.6566,1.6567,1.656650
1759264970.0752952,1.6566,1.6567,1.656650
1759264970.3463128,1.6566,1.6568,1.656700
1759264970.5985584,1.6567,1.6568,1.656750
1759264970.8712504,1.6566,1.6567,1.656650
1759264971.1288502,1.6565,1.6566,1.656550
1759264971.4171255,1.6565,1.6566,1.656550
1759264971.6390955,1.6562,1.6565,1.656350
1759264971.905116,1.6562,1.6565,1.656350
1759264972.1918647,1.6562,1.6565,1.656350
1759264972.445538,1.6562,1.6565,1.656350
1759264972.779147,1.6562,1.6564,1.656300
1759264973.0455232,1.6561,1.6564,1.656250
1759264973.310423,1.6561,1.6564,1.656250
1759264973.5699205,1.6561,1.6564,1.656250
1759264973.8312433,1.6562,1.6564,1.656300
1759264974.098001,1.6562,1.6564,1.656300
1759264974.3697073,1.6562,1.6564,1.656300
1759264974.6210887,1.6563,1.6565,1.656400
1759264974.8881762,1.6562,1.6565,1.656350
1759264975.160978,1.6564,1.6565,1.656450
1759264975.3981578,1.6565,1.6568,1.656650
1759264975.6635387,1.6565,1.6569,1.656700
1759264975.9178708,1.6565,1.6568,1.656650
1759264976.175109,1.6565,1.6568,1.656650
1759264976.5412695,1.6567,1.6568,1.656750
1759264976.7953923,1.6568,1.6572,1.657000
1759264977.0452864,1.6571,1.6572,1.657150
1759264977.3377285,1.6574,1.658,1.657700
1759264977.5894365,1.6575,1.6579,1.657700
1759264977.840763,1.6575,1.6579,1.657700
1759264978.091323,1.6576,1.6579,1.657750
1759264978.3411574,1.6577,1.658,1.657850
1759264978.6041687,1.6577,1.658,1.657850
1759264978.8690176,1.6576,1.6579,1.657750
1759264979.126045,1.6576,1.6579,1.657750
1759264979.4207258,1.6576,1.6577,1.657650
1759264979.6938224,1.6576,1.6577,1.657650
1759264979.975216,1.6576,1.6578,1.657700
1759264980.2864475,1.6576,1.6578,1.657700
1759264980.5641744,1.6579,1.658,1.657950
1759264980.8163326,1.6581,1.6583,1.658200
1759264981.0687897,1.658,1.6581,1.658050
1759264981.3290455,1.6579,1.6581,1.658000
1759264981.586324,1.658,1.6581,1.658050
1759264981.834502,1.658,1.6581,1.658050
1759264982.103957,1.658,1.6583,1.658150
1759264982.3590798,1.6582,1.6583,1.658250
1759264982.6673787,1.6582,1.6583,1.658250
1759264982.9184704,1.6582,1.6583,1.658250
1759264983.1984048,1.6582,1.6583,1.658250
1759264983.5205364,1.6581,1.6582,1.658150
1759264983.8076105,1.6581,1.6582,1.658150
1759264984.0651777,1.6579,1.6581,1.658000
1759264984.372003,1.6579,1.658,1.657950
1759264984.614826,1.6579,1.658,1.657950
1759264984.8686733,1.658,1.6583,1.658150
1759264985.1183522,1.6581,1.6582,1.658150
1759264985.3960567,1.6582,1.6585,1.658350
1759264985.6232994,1.6584,1.6585,1.658450
1759264985.8715374,1.658,1.6581,1.658050
1759264986.1293335,1.6567,1.6569,1.656800
1759264986.4032187,1.6567,1.657,1.656850
1759264986.6300573,1.6569,1.6573,1.657100
1759264986.8780243,1.657,1.6573,1.657150
1759264987.1308115,1.657,1.6573,1.657150
1759264987.4881155,1.657,1.6573,1.657150
1759264987.7933197,1.6571,1.6573,1.657200
1759264988.0701132,1.657,1.6573,1.657150
1759264988.3865836,1.6569,1.6571,1.657000
1759264988.638204,1.6569,1.657,1.656950
1759264988.8913803,1.6569,1.657,1.656950
1759264989.18211,1.6569,1.657,1.656950
1759264989.4648929,1.6569,1.657,1.656950
1759264989.7212024,1.6567,1.657,1.656850
1759264989.9826524,1.6567,1.657,1.656850
1759264990.2986732,1.6567,1.657,1.656850
1759264990.5537424,1.6566,1.6568,1.656700
1759264990.8143542,1.6566,1.6569,1.656750
1759264991.0666625,1.6566,1.6569,1.656750
1759264991.325334,1.6564,1.6566,1.656500
1759264991.5852747,1.6565,1.6566,1.656550
1759264991.967464,1.6565,1.6566,1.656550
1759264992.216858,1.6565,1.6567,1.656600
1759264992.4811263,1.6565,1.6566,1.656550
1759264992.7320993,1.6566,1.6567,1.656650
1759264992.9826806,1.6566,1.6567,1.656650
1759264993.240325,1.6566,1.6567,1.656650
1759264993.5568757,1.6565,1.6566,1.656550
1759264993.8084624,1.6565,1.6566,1.656550
1759264994.1007707,1.6565,1.6566,1.656550
1759264994.4475646,1.6565,1.6566,1.656550
1759264994.7205453,1.6565,1.6566,1.656550
1759264994.973961,1.6565,1.6566,1.656550
1759264995.4951239,1.6565,1.6567,1.656600
1759264995.8031836,1.6565,1.6566,1.656550
1759264996.0530403,1.6564,1.6565,1.656450
1759264996.3148468,1.6562,1.6563,1.656250
1759264996.566053,1.6562,1.6563,1.656250
1759264996.8430974,1.656,1.6561,1.656050
1759264997.098027,1.656,1.6561,1.656050
1759264997.4358795,1.6559,1.656,1.655950
1759264997.6828337,1.6558,1.6559,1.655850
1759264997.9420233,1.6556,1.6558,1.655700
1759264998.2180626,1.6556,1.6557,1.655650
1759264998.4918554,1.6556,1.6558,1.655700
1759264998.7434068,1.6557,1.6558,1.655750
1759264998.9941711,1.6556,1.6558,1.655700
1759264999.253165,1.6553,1.6555,1.655400
1759264999.5042179,1.6553,1.6554,1.655350
1759264999.7556403,1.6553,1.6554,1.655350
1759265000.007769,1.6553,1.6554,1.655350
1759265000.282024,1.6552,1.6554,1.655300
1759265000.55655,1.6553,1.6554,1.655350
1759265000.8274734,1.6556,1.6558,1.655700
1759265001.0993052,1.6557,1.6559,1.655800
1759265001.3582969,1.6558,1.6559,1.655850
1759265001.6019812,1.6546,1.6549,1.654750
1759265001.8554766,1.6544,1.6548,1.654600
1759265002.1089911,1.6536,1.6537,1.653650
1759265002.3728642,1.6536,1.6537,1.653650
1759265002.6152356,1.6535,1.6536,1.653550
1759265002.9522097,1.6535,1.6536,1.653550
1759265003.2020497,1.653,1.6533,1.653150
1759265003.4703605,1.6529,1.653,1.652950
1759265003.7767296,1.6522,1.6523,1.652250
1759265004.046896,1.652,1.6525,1.652250
1759265004.3016524,1.652,1.6521,1.652050
1759265004.5560322,1.6519,1.652,1.651950
1759265004.8495564,1.6519,1.652,1.651950
1759265005.1070364,1.6518,1.6519,1.651850
1759265005.3652942,1.6518,1.6519,1.651850
1759265005.6195304,1.6518,1.6519,1.651850
1759265005.8879805,1.6514,1.6518,1.651600
1759265006.1487136,1.6534,1.6535,1.653450
1759265006.399007,1.6544,1.6545,1.654450
1759265006.6571488,1.655,1.6551,1.655050
1759265006.9114406,1.655,1.6551,1.655050
1759265007.1640806,1.6553,1.6554,1.655350
1759265007.4423292,1.6561,1.6562,1.656150
1759265007.670658,1.6564,1.6565,1.656450
1759265007.9245293,1.6566,1.6567,1.656650
1759265008.1764739,1.6566,1.6567,1.656650
1759265008.4706743,1.657,1.6571,1.657050
1759265008.7314727,1.657,1.6571,1.657050
1759265009.0148988,1.657,1.6571,1.657050
1759265009.269602,1.657,1.6571,1.657050
1759265009.5236075,1.657,1.6571,1.657050
1759265009.782891,1.657,1.6571,1.657050
1759265010.0470238,1.6571,1.6572,1.657150
1759265010.3100967,1.6571,1.6572,1.657150
1759265010.5757606,1.6572,1.6573,1.657250
1759265010.8294814,1.6573,1.6574,1.657350
1759265011.1072128,1.6574,1.6575,1.657450
1759265011.37321,1.6574,1.6575,1.657450
1759265011.6250453,1.6574,1.6575,1.657450
1759265011.9574354,1.6574,1.6575,1.657450
1759265012.2647002,1.6574,1.6575,1.657450
1759265012.6310897,1.6574,1.6575,1.657450
1759265013.0015876,1.6574,1.6575,1.657450
1759265013.26328,1.6574,1.6575,1.657450
1759265013.5869503,1.6574,1.6575,1.657450
1759265013.8763497,1.6574,1.6575,1.657450
1759265014.126149,1.6575,1.6576,1.657550
1759265014.3817828,1.6577,1.6578,1.657750
1759265014.6328826,1.6577,1.6578,1.657750
1759265014.8843248,1.6576,1.6578,1.657700
1759265015.1473174,1.6577,1.6578,1.657750
1759265015.4812648,1.6577,1.6578,1.657750
1759265015.7317824,1.6577,1.6578,1.657750
1759265016.096191,1.6576,1.6578,1.657700
1759265016.3556519,1.6573,1.6575,1.657400
1759265016.6070125,1.6573,1.6575,1.657400
1759265016.909639,1.6572,1.6573,1.657250
1759265017.1701384,1.6573,1.6575,1.657400
1759265017.421825,1.6574,1.6575,1.657450
1759265017.6744936,1.657,1.6573,1.657150
1759265017.9774156,1.6571,1.6574,1.657250
1759265018.2435093,1.6568,1.6569,1.656850
1759265018.4928246,1.6566,1.6568,1.656700
1759265018.7429283,1.6566,1.6568,1.656700
1759265018.9985106,1.6568,1.6569,1.656850
1759265019.2619698,1.6568,1.6569,1.656850
1759265019.5103347,1.6555,1.6557,1.655600
1759265019.7649949,1.6557,1.6558,1.655750
1759265020.018366,1.6557,1.656,1.655850
1759265020.2869747,1.6557,1.6559,1.655800
1759265020.5389655,1.6557,1.656,1.655850
1759265020.7877564,1.656,1.6562,1.656100
1759265021.0412064,1.6561,1.6563,1.656200
1759265021.3381405,1.6557,1.6561,1.655900
1759265021.5905814,1.6559,1.656,1.655950
1759265021.844707,1.6562,1.6563,1.656250
1759265022.0967636,1.6561,1.6564,1.656250
1759265022.5089343,1.6563,1.6564,1.656350
1759265022.83334,1.6563,1.6564,1.656350
1759265023.1012027,1.6563,1.6564,1.656350
1759265023.4848604,1.6563,1.6564,1.656350
1759265023.7638392,1.6563,1.6564,1.656350
1759265024.0175364,1.6565,1.6567,1.656600
1759265024.2704453,1.6563,1.6565,1.656400
1759265024.5229657,1.6564,1.6567,1.656550
1759265024.827642,1.6566,1.6567,1.656650
1759265025.0769603,1.6566,1.6567,1.656650
1759265025.332779,1.6566,1.6567,1.656650
1759265025.582549,1.6568,1.6569,1.656850
1759265025.8363798,1.6568,1.6569,1.656850
1759265026.097298,1.6572,1.6573,1.657250
1759265026.3769293,1.6568,1.6571,1.656950
1759265026.6219273,1.6569,1.6571,1.657000
1759265026.9060867,1.657,1.6571,1.657050
1759265027.1929743,1.657,1.6571,1.657050
1759265027.5360742,1.6571,1.6574,1.657250
1759265027.8460333,1.6571,1.6573,1.657200
1759265028.096085,1.6571,1.6573,1.657200
1759265028.3484251,1.6571,1.6573,1.657200
1759265028.634681,1.657,1.6571,1.657050
1759265028.9105515,1.657,1.6571,1.657050
1759265029.1725361,1.6571,1.6573,1.657200
1759265029.456725,1.6571,1.6572,1.657150
1759265029.935894,1.6571,1.6572,1.657150
1759265030.2396183,1.6571,1.6572,1.657150
1759265030.578551,1.6571,1.6572,1.657150
1759265030.8226397,1.6567,1.657,1.656850
1759265031.073116,1.6567,1.657,1.656850
1759265031.376803,1.6567,1.657,1.656850
1759265031.6644979,1.6567,1.657,1.656850
1759265031.9849703,1.6567,1.657,1.656850
1759265032.2777014,1.6567,1.657,1.656850
1759265032.530579,1.6567,1.657,1.656850
1759265032.8111093,1.6567,1.657,1.656850
1759265033.1256886,1.6567,1.6569,1.656800
1759265033.3787677,1.6566,1.6569,1.656750
1759265033.6929157,1.6566,1.6569,1.656750
1759265034.058081,1.6567,1.6568,1.656750
1759265034.310044,1.6567,1.6569,1.656800
1759265034.5772898,1.6567,1.6568,1.656750
1759265034.9245589,1.6567,1.6568,1.656750
1759265035.1789765,1.6567,1.6568,1.656750
1759265035.42923,1.6569,1.6571,1.657000
1759265035.6909623,1.657,1.6571,1.657050
1759265035.9731762,1.6567,1.6569,1.656800
1759265036.2263114,1.6567,1.6568,1.656750
1759265036.4759834,1.6567,1.6569,1.656800
1759265036.8293724,1.6571,1.6573,1.657200
1759265037.0859098,1.657,1.6575,1.657250
1759265037.3374076,1.657,1.6571,1.657050
1759265037.6428099,1.657,1.6571,1.657050
1759265037.9395874,1.657,1.6571,1.657050
1759265038.1927474,1.657,1.6571,1.657050
1759265038.464943,1.657,1.6571,1.657050
1759265038.722602,1.657,1.6572,1.657100
1759265038.9981508,1.657,1.6571,1.657050
1759265039.2905693,1.657,1.6572,1.657100
1759265039.543895,1.657,1.6571,1.657050
1759265039.830159,1.657,1.6573,1.657150
1759265040.07495,1.657,1.6572,1.657100
1759265040.350715,1.6571,1.6573,1.657200
1759265040.6167152,1.6572,1.6573,1.657250
1759265040.8787029,1.6572,1.6575,1.657350
1759265041.147719,1.6574,1.6575,1.657450
1759265041.4789853,1.6571,1.6573,1.657200
1759265041.7347786,1.6573,1.6574,1.657350
1759265041.9887211,1.6571,1.6575,1.657300
1759265042.2393134,1.6571,1.6572,1.657150
1759265042.4900932,1.657,1.6571,1.657050
1759265042.7414901,1.6567,1.6569,1.656800
1759265043.0013046,1.6568,1.657,1.656900
1759265043.2496085,1.6568,1.6571,1.656950
1759265043.6579456,1.657,1.6571,1.657050
1759265043.9256566,1.657,1.6573,1.657150
1759265044.2271562,1.6569,1.6572,1.657050
1759265044.4846718,1.6571,1.6572,1.657150
1759265044.7505665,1.6571,1.6572,1.657150
1759265045.0012045,1.6569,1.6572,1.657050
1759265045.2487028,1.657,1.6571,1.657050
1759265045.5628653,1.657,1.6571,1.657050
1759265045.804724,1.657,1.6571,1.657050
1759265046.060351,1.657,1.6571,1.657050
1759265046.7079935,1.657,1.6571,1.657050
1759265046.9893396,1.657,1.6571,1.657050
1759265047.7193983,1.657,1.6571,1.657050
1759265048.2208333,1.657,1.6571,1.657050
1759265048.5244339,1.657,1.6571,1.657050
1759265048.8653536,1.657,1.6571,1.657050
1759265049.1600025,1.6569,1.657,1.656950
