unix_timestamp,bid,ask,mid
1759266161.913021,1009.9,1010.0,1009.950000
1759266166.5561938,1009.9,1010.0,1009.950000
1759266167.121014,1009.9,1010.0,1009.950000
1759266168.653086,1009.9,1010.0,1009.950000
1759266168.9858422,1009.9,1010.0,1009.950000
1759266169.2734137,1009.9,1010.0,1009.950000
1759266169.6226742,1009.9,1010.0,1009.950000
1759266169.957578,1009.9,1010.0,1009.950000
1759266170.233253,1009.9,1010.0,1009.950000
1759266170.609097,1009.9,1010.0,1009.950000
1759266170.8998241,1009.9,1010.0,1009.950000
1759266171.1605701,1009.9,1010.0,1009.950000
1759266171.4344451,1009.9,1010.0,1009.950000
1759266171.7098224,1009.9,1010.0,1009.950000
1759266171.9789033,1009.9,1010.0,1009.950000
1759266172.25529,1009.9,1010.0,1009.950000
1759266172.5305939,1009.9,1010.0,1009.950000
1759266172.7689426,1009.9,1010.0,1009.950000
1759266173.0251086,1009.9,1010.0,1009.950000
1759266173.2872179,1009.9,1010.0,1009.950000
1759266173.75239,1009.9,1010.0,1009.950000
1759266174.022691,1009.9,1010.0,1009.950000
1759266174.4880095,1009.8,1010.0,1009.900000
1759266174.7260451,1009.8,1010.0,1009.900000
1759266175.0350652,1009.9,1010.0,1009.950000
1759266175.2891738,1009.9,1010.0,1009.950000
1759266175.55419,1009.9,1010.0,1009.950000
1759266176.2874424,1009.9,1010.0,1009.950000
1759266176.7568743,1009.9,1010.0,1009.950000
1759266177.2826345,1009.9,1010.0,1009.950000
1759266178.540318,1009.9,1010.0,1009.950000
1759266179.0836163,1009.9,1010.0,1009.950000
1759266179.3857868,1009.9,1010.0,1009.950000
1759266180.0694723,1009.9,1010.0,1009.950000
1759266180.4432983,1009.9,1010.0,1009.950000
1759266181.1189156,1009.9,1010.0,1009.950000
1759266181.7281606,1009.9,1010.0,1009.950000
1759266181.994657,1009.9,1010.0,1009.950000
1759266182.2832737,1009.9,1010.0,1009.950000
1759266182.5337033,1009.9,1010.0,1009.950000
1759266183.7356596,1009.8,1010.0,1009.900000
1759266184.0099275,1009.8,1009.9,1009.850000
1759266184.2537699,1009.8,1009.9,1009.850000
1759266184.5791576,1009.8,1009.9,1009.850000
1759266185.0430627,1009.8,1009.9,1009.850000
1759266185.28215,1009.8,1009.9,1009.850000
1759266185.5805936,1009.8,1009.9,1009.850000
1759266186.193301,1009.8,1009.9,1009.850000
1759266187.310171,1009.8,1009.9,1009.850000
1759266187.6122813,1009.8,1009.9,1009.850000
1759266187.9572573,1009.8,1009.9,1009.850000
1759266188.3095691,1009.8,1009.9,1009.850000
1759266189.5676532,1009.8,1009.9,1009.850000
1759266190.2834747,1009.8,1009.9,1009.850000
1759266190.6167617,1009.8,1009.9,1009.850000
1759266190.8555918,1009.8,1009.9,1009.850000
1759266191.7851477,1009.8,1009.9,1009.850000
1759266192.1869748,1009.8,1009.9,1009.850000
1759266192.5486796,1009.8,1009.9,1009.850000
1759266192.9005108,1009.8,1009.9,1009.850000
1759266193.2747116,1009.8,1009.9,1009.850000
1759266193.9431636,1009.8,1009.9,1009.850000
1759266194.2310355,1009.8,1009.9,1009.850000
1759266194.6513488,1009.8,1009.9,1009.850000
1759266195.1084256,1009.8,1009.9,1009.850000
1759266195.4979193,1009.8,1009.9,1009.850000
1759266196.12406,1009.8,1009.9,1009.850000
1759266196.9641535,1009.8,1009.9,1009.850000
1759266197.3066483,1009.8,1009.9,1009.850000
1759266197.5853968,1009.8,1009.9,1009.850000
1759266197.922769,1009.8,1009.9,1009.850000
1759266198.6429174,1009.8,1009.9,1009.850000
1759300069.0426214,1009.7,1009.8,1009.750000
1759300074.5021489,1009.7,1009.8,1009.750000
1759300074.775603,1009.7,1009.8,1009.750000
1759300075.0629807,1009.7,1009.8,1009.750000
1759300075.3509557,1009.7,1009.8,1009.750000
1759300075.5932271,1009.7,1009.8,1009.750000
1759300075.9673011,1009.7,1009.8,1009.750000
1759300076.7095184,1009.7,1009.8,1009.750000
1759300077.0152252,1009.7,1009.8,1009.750000
1759300077.501884,1009.7,1009.8,1009.750000
1759300077.865416,1009.7,1009.8,1009.750000
1759300078.115615,1009.9,1010.0,1009.950000
1759300078.3741703,1009.9,1010.0,1009.950000
1759300078.6998217,1009.9,1010.0,1009.950000
1759300078.9695568,1009.9,1010.0,1009.950000
1759300079.4074283,1009.9,1010.0,1009.950000
1759300079.7018485,1009.9,1010.0,1009.950000
1759300079.9453712,1009.9,1010.0,1009.950000
1759300080.269468,1009.9,1010.0,1009.950000
1759300080.8570294,1009.9,1010.0,1009.950000
1759300081.1540241,1009.9,1010.0,1009.950000
1759300081.5633135,1009.9,1010.0,1009.950000
1759300081.8354998,1009.9,1010.0,1009.950000
1759300082.1090238,1009.9,1010.0,1009.950000
1759300082.3627875,1009.9,1010.0,1009.950000
1759300083.8036993,1009.9,1010.0,1009.950000
1759300084.2042167,1009.9,1010.0,1009.950000
1759300084.6131544,1009.9,1010.0,1009.950000
1759300084.9273372,1009.9,1010.0,1009.950000
1759300085.1716485,1009.9,1010.0,1009.950000
1759300085.508714,1009.9,1010.0,1009.950000
1759300085.7712836,1009.9,1010.0,1009.950000
1759300086.1508653,1009.9,1010.0,1009.950000
1759300086.524923,1009.9,1010.0,1009.950000
1759300087.0003343,1009.9,1010.0,1009.950000
1759300087.2679598,1009.9,1010.0,1009.950000
1759300087.8442574,1009.9,1010.0,1009.950000
1759300088.126597,1009.9,1010.0,1009.950000
1759300088.5157173,1009.9,1010.0,1009.950000
1759300089.3691075,1009.9,1010.0,1009.950000
1759300089.6390228,1009.9,1010.0,1009.950000
1759300089.8844311,1009.9,1010.0,1009.950000
1759300090.19623,1009.9,1010.0,1009.950000
1759300090.5325735,1009.9,1010.0,1009.950000
1759300090.9989555,1009.9,1010.0,1009.950000
1759300091.2547207,1009.9,1010.0,1009.950000
1759300091.7955427,1009.9,1010.0,1009.950000
1759300092.8129833,1009.9,1010.0,1009.950000
1759300093.3457341,1009.9,1010.0,1009.950000
1759300093.682417,1009.9,1010.0,1009.950000
1759300094.0525131,1009.9,1010.0,1009.950000
1759300095.0096078,1009.9,1010.0,1009.950000
1759300095.252831,1009.9,1010.0,1009.950000
1759300095.6001728,1009.9,1010.0,1009.950000
1759300096.110931,1009.9,1010.0,1009.950000
1759300096.54033,1009.9,1010.0,1009.950000
1759300097.8575377,1009.9,1010.0,1009.950000
1759300098.2327662,1009.9,1010.0,1009.950000
1759300098.6449227,1009.9,1010.0,1009.950000
1759300099.3146482,1009.9,1010.0,1009.950000
1759300099.6272287,1009.9,1010.0,1009.950000
1759300100.1215918,1009.9,1010.0,1009.950000
1759300100.4785702,1009.9,1010.0,1009.950000
1759300101.9714043,1009.9,1010.0,1009.950000
1759300102.256059,1009.9,1010.0,1009.950000
1759300102.5153022,1009.9,1010.0,1009.950000
1759300102.7780023,1009.9,1010.0,1009.950000
1759300104.2811408,1009.9,1010.0,1009.950000
1759300104.5489626,1009.9,1010.0,1009.950000
1759300105.797246,1009.9,1010.0,1009.950000
1759300106.301735,1009.9,1010.0,1009.950000
1759300106.956668,1009.9,1010.0,1009.950000
1759300107.2715757,1009.9,1010.0,1009.950000
1759300107.5312607,1009.9,1010.0,1009.950000
1759300107.7659001,1009.9,1010.0,1009.950000
1759300108.8002863,1009.9,1010.0,1009.950000
1759300109.05509,1009.9,1010.0,1009.950000
1759300109.36123,1009.9,1010.0,1009.950000
1759300109.838721,1009.9,1010.0,1009.950000
1759300110.4274518,1009.9,1010.0,1009.950000
1759300111.8304672,1009.9,1010.0,1009.950000
1759300112.1300519,1009.9,1010.0,1009.950000
1759300112.3878868,1009.9,1010.0,1009.950000
1759300112.7250445,1009.9,1010.0,1009.950000
1759300113.101384,1009.9,1010.0,1009.950000
1759300113.4802597,1009.9,1010.0,1009.950000
1759300113.8893447,1009.9,1010.0,1009.950000
1759300114.2079084,1009.9,1010.0,1009.950000
1759300114.891932,1009.9,1010.0,1009.950000
1759300115.5341103,1009.9,1010.0,1009.950000
1759300115.8229768,1009.9,1010.0,1009.950000
1759300116.1441085,1009.9,1010.0,1009.950000
1759300116.452558,1009.9,1010.0,1009.950000
1759300117.0953135,1009.9,1010.0,1009.950000
1759300117.482607,1009.9,1010.0,1009.950000
1759300117.7339187,1009.9,1010.0,1009.950000
1759300118.0016525,1009.9,1010.0,1009.950000
1759300118.874516,1009.9,1010.0,1009.950000
1759300119.4003723,1009.9,1010.0,1009.950000
1759300119.8239715,1009.9,1010.0,1009.950000
1759300120.123027,1009.9,1010.0,1009.950000
1759300120.4638102,1009.9,1010.0,1009.950000
1759300120.7468176,1009.9,1010.0,1009.950000
1759300120.999119,1009.9,1010.0,1009.950000
1759300121.2716422,1009.9,1010.0,1009.950000
1759300121.5475075,1009.9,1010.0,1009.950000
1759300121.7916934,1009.9,1010.0,1009.950000
1759300124.1302588,1009.9,1010.0,1009.950000
1759300125.6954966,1009.9,1010.0,1009.950000
1759300125.9521725,1009.9,1010.0,1009.950000
1759300126.284227,1009.9,1010.0,1009.950000
1759300127.0837924,1009.9,1010.0,1009.950000
1759300127.351247,1009.9,1010.0,1009.950000
1759300127.654301,1009.9,1010.0,1009.950000
1759300128.0700002,1009.9,1010.0,1009.950000
1759300128.5295267,1009.9,1010.0,1009.950000
1759300129.0083551,1009.9,1010.0,1009.950000
1759300130.2861073,1009.9,1010.0,1009.950000
1759300130.7751014,1009.9,1010.0,1009.950000
1759300131.10734,1009.9,1010.0,1009.950000
1759300131.3737032,1009.9,1010.0,1009.950000
1759300131.7094893,1009.9,1010.0,1009.950000
1759300131.9769287,1009.9,1010.0,1009.950000
1759300132.2562788,1009.9,1010.0,1009.950000
1759300132.7003038,1009.9,1010.0,1009.950000
1759300133.0613854,1009.9,1010.0,1009.950000
1759300133.4175432,1009.9,1010.0,1009.950000
1759300133.7520788,1009.9,1010.0,1009.950000
1759300134.0865288,1009.9,1010.0,1009.950000
1759300135.825643,1009.9,1010.0,1009.950000
1759300136.1331618,1009.9,1010.0,1009.950000
1759300136.3925624,1009.9,1010.0,1009.950000
1759300136.6201015,1009.9,1010.0,1009.950000
1759300136.8633235,1009.9,1010.0,1009.950000
1759311938.0156424,1033.0,1033.1,1033.050000
1759311942.1848722,1033.0,1033.1,1033.050000
1759311942.544602,1033.0,1033.1,1033.050000
1759311943.3451946,1033.0,1033.1,1033.050000
1759311943.6076202,1033.0,1033.1,1033.050000
1759311943.9465826,1033.0,1033.1,1033.050000
1759311944.2202907,1033.0,1033.1,1033.050000
1759311945.285727,1033.0,1033.1,1033.050000
1759311945.6269755,1033.0,1033.1,1033.050000
1759311945.901398,1033.0,1033.1,1033.050000
1759311946.2996576,1033.0,1033.1,1033.050000
1759311946.9342046,1033.0,1033.1,1033.050000
1759311947.4529533,1033.0,1033.1,1033.050000
1759311947.5924194,1033.0,1033.1,1033.050000
1759311947.884515,1033.0,1033.1,1033.050000
1759311948.2126706,1033.0,1033.1,1033.050000
1759311948.5027378,1033.0,1033.1,1033.050000
1759311948.7967212,1033.0,1033.1,1033.050000
1759311949.091629,1033.0,1033.1,1033.050000
1759311949.604976,1033.0,1033.1,1033.050000
1759311950.2593644,1033.0,1033.1,1033.050000
1759311951.2369595,1033.0,1033.1,1033.050000
1759311952.113288,1033.0,1033.1,1033.050000
1759311952.4870412,1033.0,1033.1,1033.050000
1759311952.7622619,1033.0,1033.1,1033.050000
1759311953.1218243,1033.0,1033.1,1033.050000
1759311953.5232074,1033.0,1033.1,1033.050000
1759311953.8498778,1033.0,1033.1,1033.050000
1759311954.179311,1033.0,1033.1,1033.050000
1759311954.4843452,1033.0,1033.1,1033.050000
1759311955.4332166,1033.0,1033.1,1033.050000
1759311955.8520362,1033.0,1033.1,1033.050000
1759311956.7712984,1033.0,1033.1,1033.050000
1759311957.1453412,1033.0,1033.1,1033.050000
1759311957.5138614,1033.0,1033.1,1033.050000
1759311958.2284493,1033.0,1033.1,1033.050000
1759311958.764222,1033.0,1033.1,1033.050000
1759311959.171077,1033.0,1033.1,1033.050000
1759311959.523287,1033.0,1033.1,1033.050000
1759311959.8335338,1033.0,1033.1,1033.050000
1759311960.1516173,1033.0,1033.1,1033.050000
1759311960.8519816,1033.0,1033.1,1033.050000
1759311961.1490872,1033.0,1033.1,1033.050000
1759311961.8425572,1033.0,1033.1,1033.050000
1759311962.2129257,1033.0,1033.1,1033.050000
1759311962.7959852,1033.0,1033.1,1033.050000
1759311963.3876321,1033.0,1033.1,1033.050000
1759311963.8480537,1033.0,1033.1,1033.050000
1759311964.1056478,1033.0,1033.1,1033.050000
1759311964.4193041,1033.0,1033.1,1033.050000
1759311964.773284,1033.0,1033.1,1033.050000
1759311965.6403394,1033.0,1033.1,1033.050000
1759311966.2398129,1033.0,1033.1,1033.050000
1759311966.7366014,1033.0,1033.1,1033.050000
1759311967.6299567,1033.0,1033.2,1033.100000
1759311967.89252,1033.1,1033.2,1033.150000
1759311968.1616325,1033.1,1033.2,1033.150000
1759311968.583822,1033.1,1033.2,1033.150000
1759311968.8439333,1033.1,1033.2,1033.150000
1759311969.3308747,1033.1,1033.2,1033.150000
1759311969.6304617,1033.1,1033.2,1033.150000
1759311969.9737682,1033.1,1033.2,1033.150000
1759311970.5950928,1033.1,1033.2,1033.150000
1759311971.1184187,1033.1,1033.2,1033.150000
1759311972.3458064,1033.1,1033.2,1033.150000
1759311973.6573837,1033.1,1033.2,1033.150000
1759311973.909896,1033.1,1033.2,1033.150000
1759311974.1783738,1033.1,1033.2,1033.150000
1759311974.5529134,1033.1,1033.2,1033.150000
1759311974.806974,1033.1,1033.2,1033.150000
1759311975.0933976,1033.0,1033.1,1033.050000
1759311975.3447304,1033.0,1033.1,1033.050000
1759311991.5502913,1033.0,1033.1,1033.050000
1759311995.376993,1033.0,1033.1,1033.050000
1759311995.616507,1033.0,1033.1,1033.050000
1759311997.81181,1033.0,1033.1,1033.050000
1759311998.4427645,1033.0,1033.1,1033.050000
1759311998.7282183,1033.0,1033.1,1033.050000
1759311998.9880424,1033.0,1033.1,1033.050000
1759311999.5363011,1033.0,1033.1,1033.050000
1759311999.8123753,1033.0,1033.1,1033.050000
1759312001.6149945,1033.0,1033.1,1033.050000
1759312002.8253624,1033.0,1033.1,1033.050000
1759312003.0952425,1033.0,1033.1,1033.050000
1759312004.021839,1033.0,1033.1,1033.050000
1759312004.643791,1033.0,1033.1,1033.050000
1759312004.9347165,1033.0,1033.1,1033.050000
1759312005.222511,1033.0,1033.1,1033.050000
1759312005.5096366,1033.0,1033.1,1033.050000
1759312005.73072,1033.0,1033.1,1033.050000
1759312006.1214283,1033.0,1033.1,1033.050000
1759312005.735355,1033.0,1033.1,1033.050000
1759312006.128423,1033.0,1033.1,1033.050000
1759312006.5589843,1033.0,1033.1,1033.050000
1759312007.0289595,1033.0,1033.1,1033.050000
1759312007.5963113,1033.0,1033.1,1033.050000
1759312008.3979087,1033.0,1033.1,1033.050000
1759312008.7065248,1033.0,1033.1,1033.050000
1759312009.001408,1033.0,1033.1,1033.050000
1759312009.2653267,1033.0,1033.1,1033.050000
1759312009.5167205,1033.0,1033.1,1033.050000
1759312009.8046365,1033.0,1033.1,1033.050000
1759312010.1979253,1033.0,1033.1,1033.050000
1759312010.556369,1033.0,1033.1,1033.050000
1759312011.6379528,1033.0,1033.1,1033.050000
1759312011.9702008,1033.0,1033.1,1033.050000
1759312012.2242427,1033.2,1033.3,1033.250000
1759312012.5041194,1033.2,1033.3,1033.250000
1759312012.8291006,1033.2,1033.3,1033.250000
1759312028.749076,1033.4,1033.5,1033.450000
1759312032.141227,1033.4,1033.5,1033.450000
1759312032.5553384,1033.4,1033.5,1033.450000
1759312033.3157387,1033.4,1033.5,1033.450000
1759312033.5960476,1033.4,1033.5,1033.450000
1759312034.0054572,1033.4,1033.5,1033.450000
1759312034.9359283,1033.4,1033.5,1033.450000
1759312035.2007158,1033.4,1033.5,1033.450000
1759312035.516903,1033.4,1033.5,1033.450000
1759312034.8690522,1033.4,1033.5,1033.450000
1759312035.226631,1033.4,1033.5,1033.450000
1759312035.642711,1033.4,1033.5,1033.450000
1759312036.7239816,1033.4,1033.5,1033.450000
1759312037.2840848,1033.4,1033.5,1033.450000
1759312037.6711137,1033.4,1033.5,1033.450000
1759312037.9558337,1033.4,1033.5,1033.450000
1759312038.2735155,1033.4,1033.5,1033.450000
1759312039.0924523,1033.4,1033.5,1033.450000
1759312039.7250657,1033.4,1033.5,1033.450000
1759312040.045701,1033.4,1033.5,1033.450000
1759312040.3797646,1033.4,1033.5,1033.450000
1759312040.7544239,1033.4,1033.5,1033.450000
1759312041.0266376,1033.4,1033.5,1033.450000
1759312041.3218524,1033.4,1033.5,1033.450000
1759312041.5522208,1033.4,1033.5,1033.450000
1759312042.569407,1033.3,1033.5,1033.400000
1759312042.8611188,1033.3,1033.4,1033.350000
1759312043.1419644,1033.3,1033.4,1033.350000
1759312043.674828,1033.3,1033.4,1033.350000
1759312044.1356778,1033.3,1033.4,1033.350000
1759312044.7600005,1033.3,1033.4,1033.350000
1759312045.0427554,1033.3,1033.4,1033.350000
1759312045.3157647,1033.3,1033.4,1033.350000
1759312045.6010323,1033.3,1033.4,1033.350000
1759312046.5933425,1033.3,1033.4,1033.350000
1759312046.9069235,1033.3,1033.4,1033.350000
1759312047.1657372,1033.3,1033.4,1033.350000
1759312047.4586024,1033.3,1033.4,1033.350000
1759312047.936213,1033.3,1033.4,1033.350000
1759312048.2219102,1033.3,1033.4,1033.350000
1759312048.7587907,1033.3,1033.4,1033.350000
1759312049.0401738,1033.3,1033.4,1033.350000
1759312049.621179,1033.3,1033.4,1033.350000
1759312050.1582022,1033.3,1033.4,1033.350000
1759312050.7563827,1033.2,1033.4,1033.300000
1759312051.0070896,1033.2,1033.4,1033.300000
1759312051.2903426,1033.3,1033.4,1033.350000
1759312051.7647061,1033.2,1033.3,1033.250000
1759312052.179581,1033.2,1033.3,1033.250000
1759312052.5595176,1033.2,1033.3,1033.250000
1759312052.9007769,1033.2,1033.3,1033.250000
1759312053.8522432,1033.2,1033.3,1033.250000
1759312054.1311731,1033.2,1033.3,1033.250000
1759312054.5254948,1033.2,1033.3,1033.250000
1759312055.0281703,1033.2,1033.3,1033.250000
1759312055.6517408,1033.2,1033.3,1033.250000
1759312055.97375,1033.2,1033.3,1033.250000
1759312056.698009,1033.2,1033.3,1033.250000
1759312056.9347749,1033.3,1033.5,1033.400000
1759312057.204306,1033.4,1033.5,1033.450000
1759312057.500739,1033.4,1033.5,1033.450000
1759312057.8859198,1033.4,1033.5,1033.450000
1759312058.209868,1033.4,1033.5,1033.450000
1759312058.4516134,1033.4,1033.5,1033.450000
1759312058.7286494,1033.5,1033.6,1033.550000
1759312058.968201,1033.5,1033.7,1033.600000
1759312059.2491002,1033.6,1033.7,1033.650000
1759312059.6078193,1033.6,1033.7,1033.650000
1759312059.8823965,1033.6,1033.7,1033.650000
1759312060.1705434,1033.6,1033.7,1033.650000
1759312060.492023,1033.5,1033.6,1033.550000
1759312060.7622702,1033.5,1033.6,1033.550000
1759312061.6320555,1033.5,1033.6,1033.550000
1759312062.0198815,1033.5,1033.6,1033.550000
1759312062.2920249,1033.5,1033.6,1033.550000
1759312062.582442,1033.5,1033.6,1033.550000
1759312063.0865972,1033.5,1033.6,1033.550000
1759312063.3676453,1033.5,1033.6,1033.550000
1759312063.7274363,1033.5,1033.6,1033.550000
1759312063.9941144,1033.5,1033.6,1033.550000
1759312064.3978558,1033.5,1033.6,1033.550000
1759312064.1386993,1033.5,1033.6,1033.550000
1759312064.3979974,1033.5,1033.6,1033.550000
1759312064.8842654,1033.5,1033.6,1033.550000
1759312065.1759777,1033.5,1033.6,1033.550000
1759312065.4624019,1033.5,1033.6,1033.550000
1759312065.7176917,1033.5,1033.6,1033.550000
1759312066.0048988,1033.5,1033.6,1033.550000
1759312066.3424551,1033.5,1033.6,1033.550000
1759312066.7164228,1033.5,1033.6,1033.550000
1759312067.180457,1033.5,1033.6,1033.550000
1759312067.615673,1033.5,1033.6,1033.550000
1759312068.069787,1033.5,1033.6,1033.550000
1759312068.6154487,1033.5,1033.6,1033.550000
1759312068.9105642,1033.5,1033.6,1033.550000
1759312069.2950373,1033.5,1033.6,1033.550000
1759312069.7066047,1033.6,1033.7,1033.650000
1759312069.963448,1033.6,1033.7,1033.650000
1759312070.3690012,1033.6,1033.7,1033.650000
1759312070.9986863,1033.6,1033.7,1033.650000
1759312071.3212337,1033.6,1033.7,1033.650000
1759312071.6183236,1033.6,1033.7,1033.650000
1759312071.9205427,1033.6,1033.7,1033.650000
1759312072.2068849,1033.6,1033.7,1033.650000
1759312072.8169816,1033.6,1033.7,1033.650000
1759312073.3543115,1033.6,1033.7,1033.650000
1759312074.9287388,1033.6,1033.7,1033.650000
1759312075.22044,1033.6,1033.7,1033.650000
1759312076.0952475,1033.6,1033.7,1033.650000
1759312076.3584013,1033.6,1033.8,1033.700000
1759312076.6291087,1033.6,1033.8,1033.700000
1759312076.9327867,1033.7,1033.8,1033.750000
1759312077.2176907,1033.7,1033.8,1033.750000
1759312077.497566,1033.7,1033.8,1033.750000
1759312078.1292744,1033.7,1033.8,1033.750000
1759312078.4984064,1033.7,1033.8,1033.750000
1759312078.883818,1033.7,1033.8,1033.750000
1759312079.2647207,1033.7,1033.8,1033.750000
1759312080.0848618,1033.7,1033.8,1033.750000
1759312080.6343284,1033.7,1033.8,1033.750000
1759312080.9616818,1033.7,1033.8,1033.750000
1759312081.323912,1033.7,1033.8,1033.750000
1759312081.579559,1033.7,1033.8,1033.750000
1759312081.839687,1033.7,1033.8,1033.750000
1759312082.4651685,1033.8,1033.9,1033.850000
1759312082.7308705,1033.9,1034.0,1033.950000
1759312082.9954984,1033.9,1034.0,1033.950000
1759312083.2512207,1033.9,1034.0,1033.950000
1759312083.5068994,1033.9,1034.0,1033.950000
1759312083.803437,1033.9,1034.0,1033.950000
1759312084.0516312,1033.9,1034.0,1033.950000
1759312084.315257,1033.9,1034.0,1033.950000
1759312084.7333589,1033.9,1034.0,1033.950000
1759312085.0321474,1033.9,1034.1,1034.000000
1759312085.3058832,1034.0,1034.1,1034.050000
1759312085.5737956,1034.0,1034.1,1034.050000
1759312085.8341048,1034.0,1034.1,1034.050000
1759312086.1162417,1034.0,1034.1,1034.050000
1759312086.3789535,1034.0,1034.1,1034.050000
1759312086.7185895,1034.0,1034.1,1034.050000
1759312087.13906,1034.0,1034.1,1034.050000
1759312087.6040437,1034.0,1034.1,1034.050000
1759312087.9386387,1034.0,1034.1,1034.050000
1759312088.285764,1034.0,1034.1,1034.050000
1759312088.6033444,1034.1,1034.2,1034.150000
1759312088.8695104,1034.1,1034.2,1034.150000
1759312089.1317883,1033.8,1033.9,1033.850000
1759312089.410517,1033.8,1033.9,1033.850000
1759312089.7248461,1033.8,1033.9,1033.850000
1759312090.0338411,1033.8,1033.9,1033.850000
1759312090.3269355,1033.9,1034.0,1033.950000
1759312090.5945299,1033.9,1034.0,1033.950000
1759312090.8747804,1033.9,1034.0,1033.950000
1759312091.152878,1033.9,1034.0,1033.950000
1759312091.4492936,1033.9,1034.0,1033.950000
1759312091.7272892,1033.7,1033.8,1033.750000
1759312092.0096512,1033.7,1033.8,1033.750000
1759312092.252697,1033.7,1033.8,1033.750000
1759312092.5358105,1033.7,1033.8,1033.750000
1759312092.9993823,1033.7,1033.8,1033.750000
1759312093.253965,1033.7,1033.8,1033.750000
1759312092.8458943,1033.7,1033.8,1033.750000
1759312093.1056988,1033.7,1033.8,1033.750000
1759312135.310868,1033.8,1033.9,1033.850000
1759312138.7457178,1033.8,1034.0,1033.900000
1759312139.02896,1033.8,1033.9,1033.850000
1759312139.2953894,1033.8,1033.9,1033.850000
1759312139.7464814,1033.8,1033.9,1033.850000
1759312140.102593,1033.8,1033.9,1033.850000
1759312140.685802,1033.7,1033.9,1033.800000
1759312140.9551673,1033.7,1033.9,1033.800000
1759312141.597794,1033.7,1033.9,1033.800000
1759312141.85202,1033.7,1033.8,1033.750000
1759312142.1704779,1033.7,1033.9,1033.800000
1759312142.5630343,1033.8,1034.0,1033.900000
1759312142.7964206,1033.8,1034.0,1033.900000
1759312143.2319968,1033.8,1033.9,1033.850000
1759312143.8549752,1033.8,1033.9,1033.850000
1759312144.2049062,1033.8,1033.9,1033.850000
1759312144.8487167,1033.8,1033.9,1033.850000
1759312145.5896604,1033.8,1033.9,1033.850000
1759312145.87341,1033.8,1033.9,1033.850000
1759312146.164483,1034.0,1034.1,1034.050000
1759312146.4335346,1034.0,1034.1,1034.050000
1759312146.6962166,1034.0,1034.1,1034.050000
1759312146.9926305,1034.0,1034.1,1034.050000
1759312147.2499325,1034.0,1034.1,1034.050000
1759312147.7029421,1034.0,1034.1,1034.050000
1759312148.0868802,1034.0,1034.1,1034.050000
1759312148.355377,1034.0,1034.1,1034.050000
1759312148.8692183,1034.0,1034.1,1034.050000
1759312149.2807934,1034.0,1034.1,1034.050000
1759312149.877652,1034.0,1034.1,1034.050000
1759312150.3342233,1034.0,1034.1,1034.050000
1759312150.6108627,1034.0,1034.1,1034.050000
1759312150.9146364,1034.0,1034.1,1034.050000
1759312151.2463944,1034.0,1034.1,1034.050000
1759312151.5129552,1034.0,1034.1,1034.050000
1759312151.1119766,1034.0,1034.1,1034.050000
1759312151.442527,1034.0,1034.1,1034.050000
1759312151.8062913,1034.0,1034.2,1034.100000
1759312152.0527878,1034.1,1034.2,1034.150000
1759312152.3422267,1034.1,1034.2,1034.150000
1759312152.8042276,1034.1,1034.2,1034.150000
1759312153.4517012,1034.1,1034.2,1034.150000
1759312153.7908983,1034.1,1034.2,1034.150000
1759312154.1213663,1034.1,1034.2,1034.150000
1759312154.6069942,1034.1,1034.3,1034.200000
1759312154.8754797,1034.2,1034.3,1034.250000
1759312155.1874332,1034.2,1034.3,1034.250000
1759312155.4685104,1034.2,1034.3,1034.250000
1759312156.1263607,1034.2,1034.3,1034.250000
1759312156.387221,1034.2,1034.4,1034.300000
1759312156.6502428,1034.2,1034.4,1034.300000
1759312156.9244497,1034.3,1034.5,1034.400000
1759312157.192078,1034.4,1034.6,1034.500000
1759312157.463706,1034.5,1034.6,1034.550000
1759312157.7290182,1034.5,1034.6,1034.550000
1759312157.9932802,1034.5,1034.6,1034.550000
1759312158.2732537,1034.5,1034.6,1034.550000
1759312158.562559,1034.5,1034.6,1034.550000
1759312159.0232537,1034.5,1034.6,1034.550000
1759312159.3325229,1034.5,1034.6,1034.550000
1759312159.627026,1034.5,1034.6,1034.550000
1759312159.9023926,1034.5,1034.6,1034.550000
1759312160.2608693,1034.5,1034.6,1034.550000
1759312160.695405,1034.5,1034.6,1034.550000
1759312160.9664495,1034.5,1034.6,1034.550000
1759312161.3057954,1034.5,1034.6,1034.550000
1759312161.6755996,1034.5,1034.6,1034.550000
1759312161.9511938,1034.5,1034.6,1034.550000
1759312162.5098276,1034.5,1034.6,1034.550000
1759312162.7723053,1034.4,1034.6,1034.500000
1759312163.040819,1034.5,1034.6,1034.550000
1759312163.3785524,1034.4,1034.6,1034.500000
1759312163.7889204,1034.4,1034.6,1034.500000
1759312164.0559487,1034.5,1034.6,1034.550000
1759312164.3062966,1034.5,1034.6,1034.550000
1759312164.7966251,1034.5,1034.6,1034.550000
1759312165.1421785,1034.5,1034.6,1034.550000
1759312165.4898052,1034.5,1034.6,1034.550000
1759312165.7635155,1034.5,1034.6,1034.550000
1759312166.1386657,1034.5,1034.6,1034.550000
1759312166.5840633,1034.5,1034.6,1034.550000
1759312167.2997913,1034.5,1034.6,1034.550000
1759312167.7671838,1034.5,1034.6,1034.550000
1759312168.058284,1034.5,1034.6,1034.550000
1759312168.3234088,1034.5,1034.6,1034.550000
1759312168.622373,1034.5,1034.6,1034.550000
1759312168.9242141,1034.5,1034.6,1034.550000
1759312169.2506828,1034.5,1034.6,1034.550000
1759312169.708139,1034.6,1034.7,1034.650000
1759312169.9833164,1034.7,1034.8,1034.750000
1759312170.2646785,1034.7,1034.8,1034.750000
1759312170.5322185,1034.7,1034.8,1034.750000
1759312170.7918565,1034.7,1034.8,1034.750000
1759312171.1658554,1034.7,1034.8,1034.750000
1759312171.4058657,1034.7,1034.8,1034.750000
1759312203.2926857,1034.7,1034.8,1034.750000
1759312207.5631402,1034.7,1034.8,1034.750000
1759312207.8309274,1034.7,1034.8,1034.750000
1759312208.116647,1034.6,1034.7,1034.650000
1759312208.3789475,1034.6,1034.7,1034.650000
1759312208.7624643,1034.6,1034.8,1034.700000
1759312209.032598,1034.6,1034.8,1034.700000
1759312209.6617954,1034.6,1034.7,1034.650000
1759312209.9356754,1034.6,1034.7,1034.650000
1759312209.2382717,1034.6,1034.7,1034.650000
1759312209.6298933,1034.6,1034.7,1034.650000
1759312210.0163062,1034.6,1034.7,1034.650000
1759312212.0565276,1034.6,1034.7,1034.650000
1759312212.3360972,1034.6,1034.7,1034.650000
1759312212.5904016,1034.6,1034.7,1034.650000
1759312212.9931936,1034.6,1034.7,1034.650000
1759312213.2491136,1034.6,1034.7,1034.650000
1759312213.5332875,1034.6,1034.7,1034.650000
1759312213.8377373,1034.6,1034.7,1034.650000
1759312214.1813502,1034.6,1034.8,1034.700000
1759312214.4584696,1034.6,1034.8,1034.700000
1759312215.1008554,1034.6,1034.7,1034.650000
1759312215.4195778,1034.6,1034.7,1034.650000
1759312215.8550284,1034.6,1034.7,1034.650000
1759312216.1261883,1034.6,1034.7,1034.650000
1759312216.96242,1034.6,1034.7,1034.650000
1759312217.2349873,1034.6,1034.7,1034.650000
1759312217.9645214,1034.6,1034.7,1034.650000
1759312218.257612,1034.6,1034.7,1034.650000
1759312219.2281363,1034.6,1034.7,1034.650000
1759312220.4311264,1034.6,1034.7,1034.650000
1759312220.7358599,1034.6,1034.7,1034.650000
1759312221.0932097,1034.6,1034.7,1034.650000
1759312221.3856843,1034.6,1034.7,1034.650000
1759312221.663137,1034.6,1034.7,1034.650000
1759312222.519322,1034.6,1034.7,1034.650000
1759312222.8545244,1034.6,1034.7,1034.650000
1759312223.2721884,1034.6,1034.7,1034.650000
1759312223.589254,1034.6,1034.7,1034.650000
1759312223.8674037,1034.6,1034.7,1034.650000
1759312224.6593945,1034.6,1034.7,1034.650000
1759312225.2314196,1034.6,1034.7,1034.650000
1759312225.72958,1034.6,1034.7,1034.650000
1759312226.0183637,1034.6,1034.7,1034.650000
1759312226.5941136,1034.6,1034.7,1034.650000
1759312227.286383,1034.6,1034.7,1034.650000
1759312227.589904,1034.6,1034.7,1034.650000
1759312227.897197,1034.5,1034.7,1034.600000
1759312228.131755,1034.5,1034.6,1034.550000
1759312228.391471,1034.4,1034.5,1034.450000
1759312228.658525,1034.4,1034.5,1034.450000
1759312228.923216,1034.4,1034.5,1034.450000
1759312229.1796377,1034.4,1034.5,1034.450000
1759312229.89553,1034.4,1034.5,1034.450000
1759312230.176215,1034.4,1034.5,1034.450000
1759312230.4673102,1034.4,1034.5,1034.450000
1759312230.765198,1034.4,1034.5,1034.450000
1759312231.5512593,1034.4,1034.5,1034.450000
1759312231.8122845,1034.4,1034.5,1034.450000
1759312232.0868595,1034.3,1034.5,1034.400000
1759312232.3541694,1034.2,1034.3,1034.250000
1759312232.6999795,1034.2,1034.3,1034.250000
1759312232.975011,1034.2,1034.3,1034.250000
1759312233.3279634,1034.2,1034.3,1034.250000
1759312233.8813598,1034.2,1034.3,1034.250000
1759312234.2047524,1034.2,1034.3,1034.250000
1759312234.5325596,1034.2,1034.3,1034.250000
1759312234.7966077,1034.2,1034.3,1034.250000
1759312235.2867436,1034.2,1034.3,1034.250000
1759312235.6371665,1034.2,1034.3,1034.250000
1759312236.7118983,1034.2,1034.3,1034.250000
1759312237.0562804,1034.2,1034.3,1034.250000
1759312237.9317062,1034.2,1034.3,1034.250000
1759312238.3864963,1034.2,1034.3,1034.250000
1759312238.970387,1034.2,1034.3,1034.250000
1759312238.2446163,1034.2,1034.3,1034.250000
1759312238.5925174,1034.2,1034.3,1034.250000
1759312239.090274,1034.2,1034.3,1034.250000
1759312239.3607368,1034.2,1034.3,1034.250000
1759312239.6700516,1034.2,1034.3,1034.250000
1759312240.102041,1034.2,1034.3,1034.250000
1759312240.455675,1034.2,1034.3,1034.250000
1759312240.7362478,1034.2,1034.3,1034.250000
1759312241.06077,1034.2,1034.3,1034.250000
1759312242.2651358,1034.2,1034.3,1034.250000
1759312242.6934876,1034.2,1034.3,1034.250000
1759312243.1648352,1034.2,1034.3,1034.250000
1759312243.4192705,1034.2,1034.3,1034.250000
1759312243.681888,1034.2,1034.3,1034.250000
1759312243.9617987,1034.2,1034.3,1034.250000
1759312245.251474,1034.2,1034.3,1034.250000
1759312245.558967,1034.2,1034.3,1034.250000
1759312245.9059072,1034.0,1034.1,1034.050000
1759312246.167355,1034.0,1034.1,1034.050000
1759312246.4294138,1034.0,1034.2,1034.100000
1759312246.702442,1034.0,1034.2,1034.100000
1759312246.961457,1034.1,1034.2,1034.150000
1759312247.499563,1034.1,1034.2,1034.150000
1759312248.2935216,1034.0,1034.1,1034.050000
1759312248.2947645,1034.0,1034.1,1034.050000
1759312248.5537376,1034.0,1034.1,1034.050000
1759312248.8609283,1034.0,1034.1,1034.050000
1759312249.186589,1034.0,1034.1,1034.050000
1759312249.4597054,1034.0,1034.1,1034.050000
1759312249.819327,1034.0,1034.1,1034.050000
1759312250.096621,1034.0,1034.1,1034.050000
1759312250.652832,1033.9,1034.1,1034.000000
1759312250.8979673,1033.8,1033.9,1033.850000
1759312251.181211,1033.8,1033.9,1033.850000
1759312251.5388262,1033.8,1033.9,1033.850000
1759312251.905196,1033.8,1033.9,1033.850000
1759312252.257432,1033.8,1033.9,1033.850000
1759312252.943806,1033.8,1033.9,1033.850000
1759312253.2260976,1033.8,1033.9,1033.850000
1759312253.4836218,1033.8,1033.9,1033.850000
1759312253.7548096,1033.8,1033.9,1033.850000
1759312254.221193,1033.8,1033.9,1033.850000
1759312254.5115113,1033.8,1033.9,1033.850000
1759312255.2476306,1033.8,1033.9,1033.850000
1759312255.8174288,1033.8,1033.9,1033.850000
1759312256.1175363,1033.8,1033.9,1033.850000
1759312256.4521112,1033.8,1033.9,1033.850000
1759312256.7246385,1033.8,1033.9,1033.850000
1759312257.016912,1033.8,1033.9,1033.850000
1759312257.5752075,1033.8,1033.9,1033.850000
1759312257.8671982,1033.8,1033.9,1033.850000
1759312258.14385,1033.8,1033.9,1033.850000
1759312258.397565,1033.8,1033.9,1033.850000
1759312258.806222,1033.8,1033.9,1033.850000
1759312259.4668741,1033.8,1033.9,1033.850000
1759312259.753807,1033.8,1033.9,1033.850000
1759312260.2761266,1033.8,1033.9,1033.850000
1759312260.991548,1033.8,1033.9,1033.850000
1759312261.2954378,1033.8,1033.9,1033.850000
1759312261.6440427,1033.8,1033.9,1033.850000
1759312262.1614594,1033.8,1033.9,1033.850000
1759312262.4432855,1033.8,1033.9,1033.850000
1759312262.7484508,1033.8,1033.9,1033.850000
1759312263.0199673,1033.9,1034.0,1033.950000
1759312263.2873912,1034.0,1034.1,1034.050000
1759312263.5419614,1034.1,1034.2,1034.150000
1759312263.8132863,1034.1,1034.2,1034.150000
1759312264.110342,1034.1,1034.2,1034.150000
1759312264.4874012,1034.1,1034.2,1034.150000
1759312264.7973883,1034.1,1034.2,1034.150000
1759312265.2724123,1034.1,1034.2,1034.150000
1759312265.513801,1034.1,1034.2,1034.150000
1759312266.0215487,1034.1,1034.2,1034.150000
1759312267.1390738,1034.1,1034.2,1034.150000
1759312267.1506197,1034.1,1034.2,1034.150000
1759312267.4072502,1034.1,1034.2,1034.150000
1759312267.7360263,1034.1,1034.2,1034.150000
1759312268.1607046,1034.1,1034.2,1034.150000
1759312268.645146,1034.1,1034.2,1034.150000
1759312268.8857954,1034.1,1034.2,1034.150000
1759312269.2402585,1034.1,1034.2,1034.150000
1759312270.0741785,1034.1,1034.2,1034.150000
1759312270.5222692,1034.1,1034.2,1034.150000
1759312270.8996584,1034.1,1034.2,1034.150000
1759312271.188614,1034.3,1034.4,1034.350000
1759312271.4697938,1034.3,1034.4,1034.350000
1759312271.9079895,1034.3,1034.4,1034.350000
1759312272.609556,1034.3,1034.4,1034.350000
1759312273.0051634,1034.3,1034.4,1034.350000
1759312273.2939994,1034.3,1034.4,1034.350000
1759312273.712887,1034.3,1034.4,1034.350000
1759312273.9791741,1034.3,1034.4,1034.350000
1759312274.2576926,1034.3,1034.4,1034.350000
1759312274.5393744,1034.3,1034.4,1034.350000
1759312274.90158,1034.5,1034.6,1034.550000
1759312275.1582098,1034.5,1034.6,1034.550000
1759312275.4400918,1034.5,1034.6,1034.550000
1759312275.7355227,1034.5,1034.6,1034.550000
1759312275.9972465,1034.5,1034.6,1034.550000
1759312276.267365,1034.5,1034.6,1034.550000
1759312276.5188265,1034.6,1034.7,1034.650000
1759312276.7651503,1034.6,1034.7,1034.650000
1759312277.08315,1034.6,1034.7,1034.650000
1759312277.3453379,1034.6,1034.7,1034.650000
1759312277.6677139,1034.6,1034.7,1034.650000
1759312277.9466846,1034.6,1034.7,1034.650000
1759312278.3142016,1034.6,1034.7,1034.650000
1759312279.4076464,1034.6,1034.7,1034.650000
1759312279.7807455,1034.6,1034.7,1034.650000
1759312280.0773985,1034.6,1034.7,1034.650000
1759312280.3953424,1034.6,1034.7,1034.650000
1759312280.695074,1034.6,1034.7,1034.650000
1759312281.0340464,1034.6,1034.7,1034.650000
1759312281.3007882,1034.6,1034.7,1034.650000
1759312281.597646,1034.6,1034.7,1034.650000
1759312281.9034922,1034.6,1034.7,1034.650000
1759312282.1825962,1034.6,1034.7,1034.650000
1759312283.1543703,1034.6,1034.7,1034.650000
1759312283.4909937,1034.6,1034.7,1034.650000
1759312283.841977,1034.6,1034.7,1034.650000
1759312284.2982347,1034.6,1034.7,1034.650000
1759312284.8556778,1034.6,1034.7,1034.650000
1759312285.1244323,1034.6,1034.7,1034.650000
1759312285.6500537,1034.6,1034.7,1034.650000
1759312285.9014978,1034.6,1034.7,1034.650000
1759312286.1743941,1034.6,1034.7,1034.650000
1759312286.4493039,1034.6,1034.7,1034.650000
1759312286.7337666,1034.6,1034.7,1034.650000
1759312287.3635614,1034.6,1034.7,1034.650000
1759312287.6381605,1034.6,1034.7,1034.650000
1759312287.9570332,1034.6,1034.7,1034.650000
1759312288.526787,1034.6,1034.7,1034.650000
1759312288.805504,1034.6,1034.7,1034.650000
1759312289.1569808,1034.6,1034.7,1034.650000
1759312289.539565,1034.6,1034.7,1034.650000
1759312290.4490461,1034.6,1034.7,1034.650000
1759312290.738923,1034.6,1034.7,1034.650000
1759312291.3028946,1034.6,1034.7,1034.650000
1759312291.5737426,1034.5,1034.6,1034.550000
1759312291.8443604,1034.5,1034.6,1034.550000
1759312292.3999245,1034.5,1034.6,1034.550000
1759312292.657328,1034.5,1034.6,1034.550000
1759312292.9116645,1034.5,1034.6,1034.550000
1759312293.569154,1034.5,1034.7,1034.600000
1759312293.8337653,1034.5,1034.7,1034.600000
1759312294.114541,1034.5,1034.7,1034.600000
1759312294.369625,1034.5,1034.7,1034.600000
1759312294.670407,1034.6,1034.8,1034.700000
1759312295.0283427,1034.6,1034.7,1034.650000
1759312295.2608721,1034.6,1034.7,1034.650000
1759312295.5084727,1034.6,1034.7,1034.650000
1759312295.842977,1034.6,1034.7,1034.650000
1759312296.1515298,1034.6,1034.7,1034.650000
1759312296.4751108,1034.6,1034.7,1034.650000
1759312296.907447,1034.6,1034.7,1034.650000
1759312296.1491454,1034.6,1034.7,1034.650000
1759312296.5640602,1034.6,1034.7,1034.650000
1759312296.8417287,1034.6,1034.7,1034.650000
1759312297.2439172,1034.6,1034.7,1034.650000
1759312297.5581052,1034.6,1034.7,1034.650000
1759312297.8506668,1034.6,1034.7,1034.650000
1759312298.3667064,1034.5,1034.6,1034.550000
1759312298.647428,1034.5,1034.6,1034.550000
1759312299.2346551,1034.5,1034.6,1034.550000
1759312299.5050242,1034.5,1034.6,1034.550000
1759312300.1852565,1034.5,1034.6,1034.550000
1759312300.5318203,1034.5,1034.6,1034.550000
1759312300.9115448,1034.5,1034.6,1034.550000
1759312301.7911098,1034.5,1034.6,1034.550000
1759312302.0958114,1034.5,1034.6,1034.550000
1759312302.3749099,1034.5,1034.6,1034.550000
1759312302.9293702,1034.5,1034.6,1034.550000
1759312304.138901,1034.5,1034.6,1034.550000
1759312304.7505355,1034.5,1034.6,1034.550000
1759312305.3673646,1034.5,1034.6,1034.550000
1759312305.6608584,1034.5,1034.6,1034.550000
1759312305.9284494,1034.5,1034.6,1034.550000
1759312306.2973998,1034.5,1034.6,1034.550000
1759312306.536628,1034.5,1034.6,1034.550000
1759312307.111087,1034.5,1034.6,1034.550000
1759312307.395763,1034.4,1034.5,1034.450000
1759312307.6770856,1034.4,1034.5,1034.450000
1759312308.1746318,1034.4,1034.5,1034.450000
1759312308.9120967,1034.4,1034.5,1034.450000
1759312309.0972574,1034.4,1034.5,1034.450000
1759312309.4572363,1034.4,1034.5,1034.450000
1759312309.74749,1034.4,1034.5,1034.450000
1759312310.2696126,1034.4,1034.5,1034.450000
1759312310.7245483,1034.4,1034.5,1034.450000
1759312311.0270443,1034.3,1034.4,1034.350000
1759312311.288358,1034.3,1034.4,1034.350000
1759312311.7137268,1034.3,1034.4,1034.350000
1759312312.131044,1034.3,1034.4,1034.350000
1759312312.8178823,1034.3,1034.4,1034.350000
1759312313.5315917,1034.3,1034.4,1034.350000
1759312314.0443728,1034.3,1034.4,1034.350000
1759312314.6495454,1034.3,1034.4,1034.350000
1759312315.3705604,1034.3,1034.4,1034.350000
1759312315.6689498,1034.3,1034.4,1034.350000
1759312316.3545609,1034.3,1034.4,1034.350000
1759312316.7236936,1034.3,1034.4,1034.350000
1759312317.5939126,1034.3,1034.4,1034.350000
1759312317.8782258,1034.3,1034.4,1034.350000
1759312318.135295,1034.3,1034.4,1034.350000
1759312318.4940472,1034.3,1034.4,1034.350000
1759312318.9743292,1034.3,1034.4,1034.350000
1759312319.7055504,1034.3,1034.4,1034.350000
1759312320.7623045,1034.3,1034.4,1034.350000
1759312321.0778453,1034.3,1034.4,1034.350000
1759312321.332699,1034.3,1034.4,1034.350000
1759312321.6090808,1034.3,1034.4,1034.350000
1759312321.993744,1034.3,1034.4,1034.350000
1759312322.2629848,1034.3,1034.4,1034.350000
1759312340.5264509,1034.3,1034.4,1034.350000
1759312343.9345944,1034.3,1034.4,1034.350000
1759312345.0366204,1034.3,1034.4,1034.350000
1759312345.3275526,1034.3,1034.4,1034.350000
1759312346.097457,1034.3,1034.4,1034.350000
1759312346.3636029,1034.3,1034.4,1034.350000
1759312346.9264753,1034.3,1034.4,1034.350000
1759312347.252539,1034.3,1034.4,1034.350000
1759312348.1629202,1034.2,1034.3,1034.250000
1759312348.3819396,1034.2,1034.3,1034.250000
1759312348.996851,1034.2,1034.3,1034.250000
1759312349.391759,1034.2,1034.3,1034.250000
1759312350.4661648,1034.2,1034.3,1034.250000
1759312350.7343197,1034.2,1034.3,1034.250000
1759312351.1778684,1034.2,1034.3,1034.250000
1759312351.4638705,1034.2,1034.3,1034.250000
1759312351.7968159,1034.2,1034.3,1034.250000
1759312352.2103236,1034.2,1034.3,1034.250000
1759312352.5806065,1034.2,1034.3,1034.250000
1759312353.3807926,1034.2,1034.3,1034.250000
1759312353.975726,1034.2,1034.3,1034.250000
1759312354.2735608,1034.2,1034.3,1034.250000
1759312354.7684805,1034.2,1034.3,1034.250000
1759312354.7465158,1034.1,1034.3,1034.200000
1759312354.1605365,1034.1,1034.2,1034.150000
1759312354.4198594,1034.1,1034.2,1034.150000
1759312354.6991098,1034.1,1034.2,1034.150000
1759312355.107897,1034.1,1034.2,1034.150000
1759312355.6970763,1034.1,1034.2,1034.150000
1759312356.6213856,1034.1,1034.2,1034.150000
1759312356.9581478,1034.1,1034.2,1034.150000
1759312357.2579072,1034.1,1034.2,1034.150000
1759312357.5473769,1034.1,1034.2,1034.150000
1759312357.9749918,1034.1,1034.2,1034.150000
1759312358.5060132,1034.1,1034.2,1034.150000
1759312358.7963157,1034.1,1034.2,1034.150000
1759312359.0584521,1034.1,1034.2,1034.150000
1759312359.34042,1034.1,1034.2,1034.150000
1759312359.6274867,1034.1,1034.2,1034.150000
1759312359.9445972,1034.0,1034.1,1034.050000
1759312360.2283473,1034.0,1034.1,1034.050000
1759312360.7345498,1033.9,1034.1,1034.000000
1759312361.025832,1033.9,1034.1,1034.000000
1759312361.2948265,1033.9,1034.1,1034.000000
1759312361.7368522,1033.9,1034.1,1034.000000
1759312361.995963,1033.9,1034.0,1033.950000
1759312362.2827713,1033.9,1034.0,1033.950000
1759312362.5904624,1033.9,1034.0,1033.950000
1759312362.8746686,1033.9,1034.0,1033.950000
1759312363.3752744,1033.9,1034.0,1033.950000
1759312363.9897144,1033.9,1034.0,1033.950000
1759312364.2553132,1033.9,1034.0,1033.950000
1759312364.5393302,1033.9,1034.1,1034.000000
1759312364.7896123,1033.9,1034.1,1034.000000
1759312365.5440168,1033.9,1034.1,1034.000000
1759312365.8355825,1033.9,1034.1,1034.000000
1759312366.3290553,1034.0,1034.1,1034.050000
1759312366.608415,1034.0,1034.1,1034.050000
1759312367.7033603,1034.0,1034.1,1034.050000
1759312367.9731867,1034.0,1034.1,1034.050000
1759312368.2558715,1034.0,1034.1,1034.050000
1759312368.534919,1034.0,1034.1,1034.050000
1759312368.8851507,1034.0,1034.1,1034.050000
1759312369.1364737,1034.0,1034.1,1034.050000
1759312369.39671,1034.0,1034.1,1034.050000
1759312369.6648579,1034.0,1034.1,1034.050000
1759312369.9251175,1034.0,1034.1,1034.050000
1759312370.3739197,1034.0,1034.1,1034.050000
1759312370.6472044,1034.0,1034.1,1034.050000
1759312370.9115405,1034.0,1034.1,1034.050000
1759312371.2830906,1034.0,1034.1,1034.050000
1759312371.908165,1034.0,1034.1,1034.050000
1759312372.1634405,1034.0,1034.1,1034.050000
1759312372.4275315,1034.0,1034.2,1034.100000
1759312372.6974227,1034.1,1034.2,1034.150000
1759312372.9716244,1034.1,1034.3,1034.200000
1759312373.233953,1034.1,1034.3,1034.200000
1759312373.4984405,1034.1,1034.3,1034.200000
1759312373.807305,1034.1,1034.2,1034.150000
1759312374.077136,1034.1,1034.2,1034.150000
1759312374.331187,1034.1,1034.2,1034.150000
1759312374.5849426,1034.1,1034.2,1034.150000
1759312374.8849075,1034.1,1034.2,1034.150000
1759312375.2978573,1034.1,1034.2,1034.150000
1759312375.6131792,1034.1,1034.2,1034.150000
1759312375.9757032,1034.1,1034.2,1034.150000
1759312376.2420025,1034.1,1034.2,1034.150000
1759312376.5092955,1034.1,1034.2,1034.150000
1759312376.7800076,1034.1,1034.2,1034.150000
1759312377.1093922,1034.1,1034.2,1034.150000
1759312377.3865418,1034.1,1034.2,1034.150000
1759312377.782311,1034.1,1034.2,1034.150000
1759312378.065473,1034.1,1034.2,1034.150000
1759312378.759041,1034.1,1034.2,1034.150000
1759312379.3522875,1034.1,1034.2,1034.150000
1759312379.6149075,1034.1,1034.2,1034.150000
1759312380.318277,1034.1,1034.2,1034.150000
1759312380.8239744,1034.1,1034.2,1034.150000
1759312381.078065,1034.3,1034.4,1034.350000
1759312381.342913,1034.3,1034.4,1034.350000
1759312381.6198668,1034.3,1034.4,1034.350000
1759312381.9377608,1034.3,1034.4,1034.350000
1759312382.1876616,1034.3,1034.4,1034.350000
1759312382.7493494,1034.3,1034.4,1034.350000
1759312383.0049646,1034.3,1034.4,1034.350000
1759312383.2861412,1034.3,1034.5,1034.400000
1759312383.5606523,1034.4,1034.5,1034.450000
1759312383.5279047,1034.4,1034.5,1034.450000
1759312382.9017842,1034.4,1034.5,1034.450000
1759312383.2812572,1034.4,1034.5,1034.450000
1759312383.5502167,1034.4,1034.5,1034.450000
1759312383.7964828,1034.4,1034.5,1034.450000
1759312384.24512,1034.4,1034.5,1034.450000
1759312384.959307,1034.4,1034.5,1034.450000
1759312385.2434607,1034.4,1034.5,1034.450000
1759312385.5098114,1034.4,1034.5,1034.450000
1759312385.7879167,1034.4,1034.5,1034.450000
1759312386.1152372,1034.4,1034.5,1034.450000
1759312386.4620461,1034.4,1034.5,1034.450000
1759312387.0823214,1034.4,1034.5,1034.450000
1759312387.6576023,1034.4,1034.5,1034.450000
1759312388.9103515,1034.4,1034.5,1034.450000
1759312389.4357352,1034.4,1034.5,1034.450000
1759312390.2317977,1034.4,1034.5,1034.450000
1759312390.4979975,1034.4,1034.5,1034.450000
1759312390.8525836,1034.4,1034.5,1034.450000
1759312391.1505342,1034.4,1034.5,1034.450000
1759312392.027297,1034.6,1034.7,1034.650000
1759312392.3020294,1034.8,1034.9,1034.850000
1759312392.601491,1034.8,1034.9,1034.850000
1759312393.1606297,1034.9,1035.0,1034.950000
1759312393.4567032,1034.9,1035.0,1034.950000
1759312393.9739468,1034.9,1035.0,1034.950000
1759312394.4629533,1034.9,1035.0,1034.950000
1759312394.9343333,1034.9,1035.0,1034.950000
1759312395.355851,1034.9,1035.0,1034.950000
1759312671.0587184,1033.6,1033.7,1033.650000
1759312673.6939151,1033.5,1033.6,1033.550000
1759312673.9540472,1033.5,1033.6,1033.550000
1759312674.226558,1033.5,1033.6,1033.550000
1759312674.511154,1033.5,1033.6,1033.550000
1759312675.2166336,1033.5,1033.6,1033.550000
1759312675.500353,1033.5,1033.6,1033.550000
1759312676.1805153,1033.5,1033.6,1033.550000
1759312676.456688,1033.5,1033.6,1033.550000
1759312676.7826967,1033.5,1033.6,1033.550000
1759312677.3459215,1033.5,1033.6,1033.550000
1759312677.7690365,1033.5,1033.6,1033.550000
1759312678.100895,1033.5,1033.6,1033.550000
1759312678.427376,1033.5,1033.6,1033.550000
1759312679.1916392,1033.5,1033.6,1033.550000
1759312679.549369,1033.5,1033.6,1033.550000
1759312680.0201797,1033.5,1033.6,1033.550000
1759312680.278201,1033.5,1033.6,1033.550000
1759312680.6340487,1033.5,1033.6,1033.550000
1759312681.058525,1033.5,1033.6,1033.550000
1759312681.317749,1033.5,1033.6,1033.550000
1759312681.6452901,1033.5,1033.6,1033.550000
1759312681.979133,1033.5,1033.6,1033.550000
1759312682.605617,1033.5,1033.6,1033.550000
1759312682.8598244,1033.5,1033.6,1033.550000
1759312683.1098802,1033.5,1033.6,1033.550000
1759312683.7785404,1033.5,1033.6,1033.550000
1759312684.0800438,1033.5,1033.6,1033.550000
1759312684.4113414,1033.5,1033.6,1033.550000
1759312684.719802,1033.5,1033.6,1033.550000
1759312685.278854,1033.5,1033.6,1033.550000
1759312685.5526536,1033.5,1033.6,1033.550000
1759312685.808786,1033.5,1033.6,1033.550000
1759312686.0873904,1033.5,1033.6,1033.550000
1759312686.3666115,1033.4,1033.5,1033.450000
1759312686.648806,1033.4,1033.5,1033.450000
1759312686.9962323,1033.4,1033.5,1033.450000
1759312687.261197,1033.4,1033.5,1033.450000
1759312687.6328835,1033.4,1033.5,1033.450000
1759312688.2563016,1033.4,1033.5,1033.450000
1759312688.5412657,1033.4,1033.5,1033.450000
1759312688.8985326,1033.4,1033.5,1033.450000
1759312689.1976986,1033.4,1033.5,1033.450000
1759312689.4787998,1033.4,1033.5,1033.450000
1759312690.0785427,1033.4,1033.5,1033.450000
1759312690.343339,1033.4,1033.5,1033.450000
1759312690.7235754,1033.4,1033.5,1033.450000
1759312690.9956613,1033.4,1033.5,1033.450000
1759312691.270359,1033.4,1033.5,1033.450000
1759312691.5415885,1033.4,1033.5,1033.450000
1759312691.8255308,1033.4,1033.5,1033.450000
1759312709.3003268,1033.8,1033.9,1033.850000
1759312713.51062,1033.8,1033.9,1033.850000
1759312713.8461623,1033.8,1033.9,1033.850000
1759312714.071822,1033.8,1033.9,1033.850000
1759312714.651636,1033.8,1033.9,1033.850000
1759312715.000852,1033.8,1033.9,1033.850000
1759312715.277291,1033.8,1033.9,1033.850000
1759312715.5909107,1033.8,1033.9,1033.850000
1759312715.8625064,1033.8,1033.9,1033.850000
1759312716.1856687,1033.8,1033.9,1033.850000
1759312716.492977,1033.8,1033.9,1033.850000
1759312716.9817915,1033.8,1033.9,1033.850000
1759312717.4184732,1033.8,1033.9,1033.850000
1759312717.8649275,1033.8,1033.9,1033.850000
1759312718.4030387,1033.8,1033.9,1033.850000
1759312719.0456612,1033.8,1033.9,1033.850000
1759312719.3353047,1033.8,1033.9,1033.850000
1759312719.8743327,1033.8,1033.9,1033.850000
1759312720.1660566,1033.8,1033.9,1033.850000
1759312720.4230871,1033.8,1033.9,1033.850000
1759312720.7144718,1033.8,1033.9,1033.850000
1759312720.999675,1033.8,1033.9,1033.850000
1759312721.245144,1033.8,1033.9,1033.850000
1759312721.5855935,1033.8,1033.9,1033.850000
1759312721.9558382,1033.8,1033.9,1033.850000
1759312722.2777545,1033.8,1033.9,1033.850000
1759312722.5432217,1033.8,1033.9,1033.850000
1759312722.8105416,1033.8,1033.9,1033.850000
1759312723.0844226,1033.8,1033.9,1033.850000
1759312723.3636825,1033.8,1033.9,1033.850000
1759312723.6558409,1033.8,1033.9,1033.850000
1759312724.2691808,1033.6,1033.8,1033.700000
1759312724.5335238,1033.7,1033.8,1033.750000
1759312724.8003314,1033.7,1033.8,1033.750000
1759312725.0803823,1033.7,1033.8,1033.750000
1759312726.0147374,1033.7,1033.8,1033.750000
1759312726.3788388,1033.7,1033.8,1033.750000
1759312726.8333123,1033.7,1033.8,1033.750000
1759312727.907682,1033.7,1033.8,1033.750000
1759312728.1677094,1033.7,1033.8,1033.750000
1759312728.4721692,1033.7,1033.8,1033.750000
1759312728.870496,1033.7,1033.8,1033.750000
1759312729.4667833,1033.7,1033.8,1033.750000
1759312729.777881,1033.7,1033.8,1033.750000
1759312730.0315566,1033.7,1033.8,1033.750000
1759312729.1264775,1033.8,1033.9,1033.850000
1759312729.4062738,1033.8,1033.9,1033.850000
1759312729.7489717,1033.8,1033.9,1033.850000
1759312731.0971465,1033.8,1033.9,1033.850000
1759312731.4580429,1033.8,1033.9,1033.850000
1759312731.7799335,1033.8,1033.9,1033.850000
1759312732.373348,1033.8,1033.9,1033.850000
1759312732.7296963,1033.8,1033.9,1033.850000
1759312732.991507,1033.8,1033.9,1033.850000
1759312733.4023964,1033.8,1033.9,1033.850000
1759312733.6939518,1033.8,1033.9,1033.850000
1759312733.9494364,1033.8,1033.9,1033.850000
1759312734.2263105,1033.8,1033.9,1033.850000
1759312734.5330868,1033.8,1033.9,1033.850000
1759312735.5328913,1033.8,1033.9,1033.850000
1759312735.9932177,1033.8,1033.9,1033.850000
1759312736.3608446,1033.8,1033.9,1033.850000
1759312736.9529226,1033.8,1033.9,1033.850000
1759312737.222052,1033.8,1033.9,1033.850000
1759312737.5160592,1033.8,1033.9,1033.850000
1759312737.844114,1033.8,1033.9,1033.850000
1759312738.5168815,1033.8,1033.9,1033.850000
1759312739.094894,1033.8,1033.9,1033.850000
1759312739.4168243,1033.6,1033.7,1033.650000
1759312739.669562,1033.6,1033.7,1033.650000
1759312740.0276792,1033.6,1033.7,1033.650000
1759312740.2866294,1033.6,1033.7,1033.650000
1759312740.6905935,1033.6,1033.7,1033.650000
1759312740.897247,1033.6,1033.7,1033.650000
1759312741.2013314,1033.6,1033.7,1033.650000
1759312741.949565,1033.6,1033.7,1033.650000
1759312742.7293212,1033.6,1033.7,1033.650000
1759312743.7462695,1033.6,1033.7,1033.650000
1759312744.2242286,1033.6,1033.7,1033.650000
1759312744.5367064,1033.6,1033.7,1033.650000
1759312744.866114,1033.6,1033.7,1033.650000
1759312745.1380148,1033.6,1033.7,1033.650000
1759312745.563627,1033.6,1033.7,1033.650000
1759312745.858994,1033.6,1033.7,1033.650000
1759312746.2400703,1033.6,1033.7,1033.650000
1759312746.525492,1033.6,1033.7,1033.650000
1759312747.3495038,1033.6,1033.7,1033.650000
1759312747.694178,1033.6,1033.7,1033.650000
1759312748.042462,1033.6,1033.7,1033.650000
1759312748.4075534,1033.6,1033.7,1033.650000
1759312749.1578147,1033.6,1033.7,1033.650000
1759312749.7712686,1033.6,1033.7,1033.650000
1759312750.1505418,1033.6,1033.7,1033.650000
1759312750.6507173,1033.6,1033.7,1033.650000
1759312750.954293,1033.6,1033.7,1033.650000
1759312873.7827234,1032.7,1032.8,1032.750000
1759312876.3827257,1032.6,1032.7,1032.650000
1759312876.6074996,1032.4,1032.7,1032.550000
1759312876.869892,1032.4,1032.6,1032.500000
1759312877.1456892,1032.5,1032.6,1032.550000
1759312877.4026804,1032.5,1032.6,1032.550000
1759312877.685064,1032.5,1032.6,1032.550000
1759312877.9521823,1032.5,1032.6,1032.550000
1759312878.2033563,1032.5,1032.6,1032.550000
1759312878.475534,1032.5,1032.6,1032.550000
1759312878.74509,1032.5,1032.6,1032.550000
1759312879.3282993,1032.5,1032.6,1032.550000
1759312879.586918,1032.5,1032.6,1032.550000
1759312879.9152267,1032.5,1032.6,1032.550000
1759312880.1775708,1032.5,1032.6,1032.550000
1759312880.46383,1032.5,1032.7,1032.600000
1759312880.7361112,1032.5,1032.6,1032.550000
1759312880.9937382,1032.5,1032.6,1032.550000
1759312881.2650928,1032.5,1032.6,1032.550000
1759312881.5609612,1032.5,1032.6,1032.550000
1759312881.8122761,1032.5,1032.6,1032.550000
1759312882.112148,1032.5,1032.6,1032.550000
1759312882.3956926,1032.5,1032.6,1032.550000
1759312882.89492,1032.5,1032.6,1032.550000
1759312883.5350845,1032.5,1032.6,1032.550000
1759312883.9414074,1032.5,1032.6,1032.550000
1759312884.3274293,1032.5,1032.6,1032.550000
1759312884.9730976,1032.5,1032.6,1032.550000
1759312885.9716954,1032.5,1032.6,1032.550000
1759312886.237037,1032.5,1032.6,1032.550000
1759312886.4937239,1032.5,1032.6,1032.550000
1759312887.8596528,1032.5,1032.6,1032.550000
1759312888.1187775,1032.5,1032.6,1032.550000
1759312888.40432,1032.5,1032.6,1032.550000
1759312888.8848212,1032.5,1032.6,1032.550000
1759312889.2695813,1032.5,1032.6,1032.550000
1759312889.530619,1032.5,1032.6,1032.550000
1759312889.8369844,1032.5,1032.6,1032.550000
1759312890.1447961,1032.7,1032.8,1032.750000
1759312890.4269736,1032.7,1032.8,1032.750000
1759312890.9901264,1032.7,1032.8,1032.750000
1759312891.2232716,1032.7,1032.8,1032.750000
1759312891.4971218,1032.7,1032.8,1032.750000
1759312891.7674625,1032.7,1032.9,1032.800000
1759312892.0604095,1032.7,1032.9,1032.800000
1759312892.3660793,1032.8,1032.9,1032.850000
1759312892.6428473,1032.8,1033.0,1032.900000
1759312892.934795,1032.8,1032.9,1032.850000
1759312893.2164497,1032.8,1033.0,1032.900000
1759312893.491426,1032.8,1033.0,1032.900000
1759312893.8369427,1032.8,1032.9,1032.850000
1759312894.1221538,1032.8,1032.9,1032.850000
1759312894.4000359,1032.9,1033.0,1032.950000
1759312894.6833622,1032.9,1033.0,1032.950000
1759312894.9805148,1032.9,1033.0,1032.950000
1759312895.2571933,1032.9,1033.0,1032.950000
1759312895.5519853,1032.9,1033.0,1032.950000
1759312895.8360813,1032.8,1033.0,1032.900000
1759312896.1036174,1032.8,1032.9,1032.850000
1759312896.3766835,1032.8,1032.9,1032.850000
1759312896.6349814,1032.8,1032.9,1032.850000
1759312897.187423,1032.8,1032.9,1032.850000
1759312897.5576673,1032.8,1032.9,1032.850000
1759312897.828562,1032.8,1032.9,1032.850000
1759312898.5289752,1032.8,1032.9,1032.850000
1759312898.8185432,1032.8,1033.0,1032.900000
1759312899.074115,1032.8,1032.9,1032.850000
1759312899.3480818,1032.8,1032.9,1032.850000
1759312900.2131467,1032.8,1032.9,1032.850000
1759312900.6552858,1032.8,1032.9,1032.850000
1759312900.9393182,1032.7,1032.9,1032.800000
1759312901.2132816,1032.7,1032.8,1032.750000
1759312901.468322,1032.7,1032.8,1032.750000
1759312901.7324014,1032.7,1032.8,1032.750000
1759312902.0122435,1032.7,1032.8,1032.750000
1759312902.3023572,1032.7,1032.8,1032.750000
1759312902.5731335,1032.7,1032.8,1032.750000
1759312902.8642938,1032.7,1032.8,1032.750000
1759312903.147062,1032.7,1032.8,1032.750000
1759312902.316114,1032.7,1032.8,1032.750000
1759312902.6333866,1032.7,1032.8,1032.750000
1759312902.92423,1032.7,1032.8,1032.750000
1759312903.2362747,1032.7,1032.8,1032.750000
1759312903.737122,1032.7,1032.8,1032.750000
1759312903.998381,1032.7,1032.8,1032.750000
1759312904.26384,1032.8,1032.9,1032.850000
1759312904.5502512,1032.8,1032.9,1032.850000
1759312904.8239293,1032.8,1032.9,1032.850000
1759312905.094099,1032.8,1032.9,1032.850000
1759312905.549881,1032.7,1032.9,1032.800000
1759312905.825401,1032.8,1032.9,1032.850000
1759312906.7809687,1032.8,1032.9,1032.850000
1759312907.0415585,1032.7,1032.9,1032.800000
1759312907.3065863,1032.7,1032.9,1032.800000
1759312907.5690982,1032.7,1032.9,1032.800000
1759312907.8406818,1032.7,1032.9,1032.800000
1759312908.1395864,1032.8,1032.9,1032.850000
1759312908.4140432,1032.8,1032.9,1032.850000
1759312908.7664568,1032.8,1032.9,1032.850000
1759312909.17479,1032.8,1032.9,1032.850000
1759312909.652084,1032.8,1032.9,1032.850000
1759312909.9244738,1032.8,1032.9,1032.850000
1759312910.1897333,1032.8,1032.9,1032.850000
1759312910.4772947,1032.7,1032.9,1032.800000
1759312910.8056521,1032.7,1032.8,1032.750000
1759312911.0857544,1032.7,1032.8,1032.750000
1759312911.3447702,1032.7,1032.8,1032.750000
1759312911.6360536,1032.7,1032.8,1032.750000
1759312911.8996415,1032.7,1032.8,1032.750000
1759312912.3149676,1032.7,1032.8,1032.750000
1759312912.6031582,1032.7,1032.8,1032.750000
1759312912.9808114,1032.7,1032.8,1032.750000
1759312913.672898,1032.7,1032.8,1032.750000
1759312914.0205977,1032.7,1032.8,1032.750000
1759312914.6494553,1032.7,1032.8,1032.750000
1759312916.2169173,1032.7,1032.8,1032.750000
1759312916.9915643,1032.7,1032.8,1032.750000
1759312917.3348944,1032.7,1032.8,1032.750000
1759312917.7785091,1032.7,1032.8,1032.750000
1759312918.0777884,1032.7,1032.8,1032.750000
1759312918.4552512,1032.7,1032.8,1032.750000
1759312918.819147,1032.7,1032.8,1032.750000
1759312919.189236,1032.7,1032.8,1032.750000
1759312919.5359225,1032.7,1032.8,1032.750000
1759312920.1751142,1032.7,1032.8,1032.750000
1759312920.5229537,1032.7,1032.8,1032.750000
1759312921.303885,1032.7,1032.8,1032.750000
1759312921.6924508,1032.7,1032.8,1032.750000
1759312922.0811503,1032.7,1032.8,1032.750000
1759312922.4823194,1032.7,1032.8,1032.750000
1759312923.430405,1032.7,1032.8,1032.750000
1759312923.7231455,1032.7,1032.8,1032.750000
1759312924.1019783,1032.7,1032.8,1032.750000
1759312924.3844416,1032.7,1032.8,1032.750000
1759312924.6669803,1032.7,1032.8,1032.750000
1759312925.009621,1032.7,1032.8,1032.750000
1759312925.2839355,1032.7,1032.8,1032.750000
1759312925.7388391,1032.7,1032.8,1032.750000
1759312926.1085207,1032.7,1032.8,1032.750000
1759312926.4474702,1032.7,1032.9,1032.800000
1759312926.7219672,1032.8,1032.9,1032.850000
1759312926.988735,1032.8,1033.0,1032.900000
1759312927.2544968,1032.8,1033.0,1032.900000
1759312927.7471657,1032.8,1033.0,1032.900000
1759312928.0516994,1032.8,1033.0,1032.900000
1759312928.312779,1032.8,1033.0,1032.900000
1759312928.6197474,1032.8,1033.0,1032.900000
1759312929.113926,1032.9,1033.0,1032.950000
1759312929.4826584,1032.8,1033.0,1032.900000
1759312929.837858,1032.9,1033.0,1032.950000
1759312930.1035616,1032.9,1033.0,1032.950000
1759312930.4029562,1032.9,1033.0,1032.950000
1759312930.6625872,1032.9,1033.0,1032.950000
1759312930.9439142,1032.9,1033.0,1032.950000
1759312931.2272513,1032.8,1033.0,1032.900000
1759312931.5066755,1032.8,1032.9,1032.850000
1759312931.7778268,1032.8,1032.9,1032.850000
1759312932.058325,1032.8,1032.9,1032.850000
1759312931.0360882,1032.8,1032.9,1032.850000
1759312931.7010643,1032.8,1032.9,1032.850000
1759312931.970217,1032.8,1032.9,1032.850000
1759312932.2952738,1032.8,1032.9,1032.850000
1759312933.392844,1032.8,1032.9,1032.850000
1759312933.676858,1032.8,1032.9,1032.850000
1759312933.94037,1032.8,1032.9,1032.850000
1759312934.2105596,1032.8,1032.9,1032.850000
1759312934.625446,1032.8,1032.9,1032.850000
1759312934.8980565,1032.8,1032.9,1032.850000
1759312935.2959306,1032.8,1032.9,1032.850000
1759312935.5819767,1032.8,1032.9,1032.850000
1759312935.9314678,1032.8,1032.9,1032.850000
1759312936.1917446,1032.9,1033.0,1032.950000
1759312936.4527264,1033.0,1033.1,1033.050000
1759312936.7278285,1033.0,1033.3,1033.150000
1759312936.9827747,1033.1,1033.2,1033.150000
1759312937.252107,1033.1,1033.2,1033.150000
1759312937.512402,1033.1,1033.2,1033.150000
1759312937.7876391,1033.1,1033.2,1033.150000
1759312938.0680766,1033.1,1033.2,1033.150000
1759312938.3241413,1033.1,1033.2,1033.150000
1759312938.6047454,1033.1,1033.2,1033.150000
1759312938.8738103,1033.1,1033.2,1033.150000
1759312939.1605675,1033.1,1033.2,1033.150000
1759312939.4787898,1033.1,1033.2,1033.150000
1759312939.8221025,1033.1,1033.2,1033.150000
1759312940.1646988,1033.1,1033.2,1033.150000
1759312940.8676846,1033.1,1033.2,1033.150000
1759312941.2866821,1033.1,1033.2,1033.150000
1759312941.5496852,1033.0,1033.2,1033.100000
1759312941.8232229,1033.0,1033.1,1033.050000
1759312942.1280153,1033.0,1033.1,1033.050000
1759312942.411025,1033.0,1033.1,1033.050000
1759312942.749417,1033.0,1033.1,1033.050000
1759312943.0453565,1033.0,1033.1,1033.050000
1759312944.046534,1033.0,1033.1,1033.050000
1759312944.3156931,1033.0,1033.1,1033.050000
1759312944.9402921,1033.0,1033.1,1033.050000
1759312945.3202436,1033.0,1033.1,1033.050000
1759312945.6108735,1033.0,1033.1,1033.050000
1759312945.8923752,1033.0,1033.1,1033.050000
1759312946.1487978,1033.0,1033.1,1033.050000
1759312946.740156,1033.0,1033.1,1033.050000
1759312947.0489414,1033.0,1033.1,1033.050000
1759312947.3200037,1032.6,1032.8,1032.700000
1759312947.5863352,1032.6,1032.8,1032.700000
1759312947.9644096,1032.6,1032.7,1032.650000
1759312948.174102,1032.6,1032.7,1032.650000
1759312948.4292965,1032.6,1032.7,1032.650000
1759312948.9145877,1032.6,1032.7,1032.650000
1759312949.398158,1032.6,1032.7,1032.650000
1759312949.9838917,1032.6,1032.7,1032.650000
1759312950.270363,1032.6,1032.7,1032.650000
1759312950.9211516,1032.6,1032.7,1032.650000
1759312951.6089275,1032.6,1032.7,1032.650000
1759312951.8731635,1032.6,1032.7,1032.650000
1759312952.1573281,1032.6,1032.7,1032.650000
1759312952.5407586,1032.6,1032.7,1032.650000
1759312952.9127731,1032.6,1032.7,1032.650000
1759312953.2653701,1032.6,1032.7,1032.650000
1759313113.0673382,1033.3,1033.4,1033.350000
1759313116.991775,1033.3,1033.4,1033.350000
1759313117.3181992,1033.3,1033.4,1033.350000
1759313118.0159388,1033.3,1033.4,1033.350000
1759313118.3236134,1033.3,1033.4,1033.350000
1759313118.5939412,1033.3,1033.4,1033.350000
1759313118.8867426,1033.3,1033.4,1033.350000
1759313119.1768737,1033.3,1033.4,1033.350000
1759313119.5618198,1033.3,1033.4,1033.350000
1759313119.8481944,1033.3,1033.4,1033.350000
1759313120.176667,1033.3,1033.4,1033.350000
1759313120.9118788,1033.3,1033.4,1033.350000
1759313121.3194516,1033.3,1033.4,1033.350000
1759313121.6747644,1033.3,1033.4,1033.350000
1759313122.542097,1033.3,1033.4,1033.350000
1759313123.020323,1033.3,1033.4,1033.350000
1759313123.4244304,1033.3,1033.4,1033.350000
1759313123.929518,1033.3,1033.4,1033.350000
1759313124.2127802,1033.3,1033.4,1033.350000
1759313124.5012333,1033.3,1033.4,1033.350000
1759313125.314775,1033.3,1033.4,1033.350000
1759313125.6327739,1033.3,1033.4,1033.350000
1759313125.896315,1033.3,1033.4,1033.350000
1759313126.1695168,1033.3,1033.4,1033.350000
1759313126.4474738,1033.3,1033.4,1033.350000
1759313126.7336364,1033.1,1033.3,1033.200000
1759313126.9777865,1033.1,1033.2,1033.150000
1759313127.256753,1033.1,1033.2,1033.150000
1759313127.7925978,1033.1,1033.2,1033.150000
1759313128.362332,1033.1,1033.2,1033.150000
1759313128.718636,1033.1,1033.2,1033.150000
1759313129.1923733,1033.1,1033.2,1033.150000
1759313129.5571084,1033.1,1033.2,1033.150000
1759313129.820089,1033.1,1033.2,1033.150000
1759313130.4049454,1033.1,1033.2,1033.150000
1759313131.1147006,1033.1,1033.2,1033.150000
1759313131.4326634,1033.1,1033.2,1033.150000
1759313131.994988,1033.1,1033.2,1033.150000
1759313132.5424163,1033.1,1033.2,1033.150000
1759313132.9428127,1033.1,1033.2,1033.150000
1759313133.5189815,1033.1,1033.2,1033.150000
1759313133.608741,1033.1,1033.2,1033.150000
1759313134.5206428,1033.1,1033.2,1033.150000
1759313134.5217862,1033.1,1033.2,1033.150000
1759313134.645482,1033.1,1033.2,1033.150000
1759313135.1650176,1033.1,1033.2,1033.150000
1759313135.4218624,1033.1,1033.2,1033.150000
1759313135.698029,1033.1,1033.2,1033.150000
1759313135.9705117,1033.1,1033.2,1033.150000
1759313136.4730496,1033.1,1033.2,1033.150000
1759313136.746911,1033.1,1033.2,1033.150000
1759313137.0363626,1033.1,1033.2,1033.150000
1759313137.4785247,1033.1,1033.2,1033.150000
1759313137.8015308,1033.1,1033.2,1033.150000
1759313138.647451,1033.0,1033.2,1033.100000
1759313138.9106345,1032.9,1033.2,1033.050000
1759313139.1804225,1032.9,1033.1,1033.000000
1759313139.4565432,1033.0,1033.1,1033.050000
1759313139.7187064,1033.0,1033.1,1033.050000
1759315922.5751472,1028.2,1028.3,1028.250000
1759315926.2382567,1028.2,1028.3,1028.250000
1759315926.5512798,1028.2,1028.4,1028.300000
1759315926.8070505,1028.3,1028.4,1028.350000
1759315927.0885472,1028.3,1028.4,1028.350000
1759315927.7391324,1028.3,1028.4,1028.350000
1759315928.0168526,1028.3,1028.4,1028.350000
1759315928.334266,1028.3,1028.4,1028.350000
1759315928.6210492,1028.3,1028.4,1028.350000
1759315928.966916,1028.3,1028.4,1028.350000
1759315929.3878233,1028.3,1028.4,1028.350000
1759315929.6754844,1028.3,1028.4,1028.350000
1759315929.9482522,1028.3,1028.4,1028.350000
1759315930.4585204,1028.3,1028.4,1028.350000
1759315930.8178859,1028.3,1028.4,1028.350000
1759315931.0975254,1028.3,1028.4,1028.350000
1759315931.761846,1028.3,1028.4,1028.350000
1759315932.357538,1028.3,1028.4,1028.350000
1759315931.0904975,1028.4,1028.5,1028.450000
1759315931.3432114,1028.5,1028.6,1028.550000
1759315931.6022015,1028.5,1028.6,1028.550000
1759315931.9826527,1028.5,1028.6,1028.550000
1759315932.3584378,1028.5,1028.6,1028.550000
1759315932.6097355,1028.5,1028.6,1028.550000
1759315933.0172577,1028.5,1028.6,1028.550000
1759315933.3947499,1028.5,1028.6,1028.550000
1759315933.68208,1028.5,1028.6,1028.550000
1759315933.9713106,1028.5,1028.6,1028.550000
1759315934.2436306,1028.5,1028.6,1028.550000
1759315934.5919037,1028.5,1028.6,1028.550000
1759315935.037341,1028.5,1028.6,1028.550000
1759315935.5460932,1028.5,1028.6,1028.550000
1759315935.8210404,1028.5,1028.6,1028.550000
1759315936.1554677,1028.5,1028.6,1028.550000
1759315936.3948307,1028.5,1028.6,1028.550000
1759315936.6645043,1028.5,1028.6,1028.550000
1759315936.9879806,1028.5,1028.6,1028.550000
1759315937.260973,1028.5,1028.6,1028.550000
1759315937.8917484,1028.5,1028.6,1028.550000
1759315939.859456,1028.5,1028.6,1028.550000
1759315940.2976208,1028.5,1028.6,1028.550000
1759315940.6544864,1028.5,1028.6,1028.550000
1759315940.9154906,1028.5,1028.6,1028.550000
1759315941.3007674,1028.5,1028.6,1028.550000
1759315941.9020307,1028.5,1028.6,1028.550000
1759315943.1253755,1028.5,1028.6,1028.550000
1759315944.3689814,1028.5,1028.6,1028.550000
1759315944.7386878,1028.5,1028.6,1028.550000
1759315945.018446,1028.5,1028.6,1028.550000
1759315945.2968028,1028.5,1028.6,1028.550000
1759315945.6030877,1028.5,1028.6,1028.550000
1759315945.9266038,1028.5,1028.6,1028.550000
1759315946.1962757,1028.5,1028.6,1028.550000
1759315946.4888456,1028.5,1028.6,1028.550000
1759315946.9500217,1028.5,1028.6,1028.550000
1759315947.470107,1028.5,1028.6,1028.550000
1759315947.748884,1028.5,1028.6,1028.550000
1759315948.0380046,1028.5,1028.6,1028.550000
1759315948.3576932,1028.5,1028.6,1028.550000
1759315948.637947,1028.5,1028.6,1028.550000
1759315948.904658,1028.5,1028.6,1028.550000
1759315949.169322,1028.5,1028.6,1028.550000
1759315949.476587,1028.5,1028.6,1028.550000
1759315949.8552606,1028.5,1028.6,1028.550000
1759315950.19889,1028.5,1028.6,1028.550000
1759315950.6892323,1028.5,1028.6,1028.550000
1759315951.208823,1028.5,1028.6,1028.550000
1759315952.0567026,1028.5,1028.6,1028.550000
1759315952.083138,1028.5,1028.6,1028.550000
1759315952.5343137,1028.5,1028.6,1028.550000
1759315952.8159554,1028.5,1028.6,1028.550000
1759315953.2883022,1028.5,1028.6,1028.550000
1759315953.6708484,1028.3,1028.4,1028.350000
1759315953.8946428,1028.3,1028.4,1028.350000
1759315954.1535442,1028.3,1028.4,1028.350000
1759315954.5348723,1028.3,1028.4,1028.350000
1759315954.7548268,1028.3,1028.4,1028.350000
1759315955.034779,1028.3,1028.4,1028.350000
1759315955.5643237,1028.3,1028.4,1028.350000
1759315955.9150097,1028.3,1028.4,1028.350000
1759315956.236745,1028.3,1028.4,1028.350000
1759315956.5544734,1028.3,1028.4,1028.350000
1759315956.8100052,1028.3,1028.4,1028.350000
1759315957.1005752,1028.4,1028.5,1028.450000
1759315957.3738575,1028.4,1028.5,1028.450000
1759315957.673643,1028.4,1028.5,1028.450000
1759315958.0998735,1028.4,1028.5,1028.450000
1759315958.8143547,1028.4,1028.5,1028.450000
1759315959.092976,1028.4,1028.5,1028.450000
1759315959.3570018,1028.4,1028.5,1028.450000
1759315960.3265944,1028.4,1028.5,1028.450000
1759315960.6457102,1028.4,1028.5,1028.450000
1759315959.7288072,1028.4,1028.5,1028.450000
1759315959.992475,1028.4,1028.5,1028.450000
1759315960.3204324,1028.4,1028.5,1028.450000
1759315960.580782,1028.4,1028.5,1028.450000
1759315960.8474972,1028.5,1028.6,1028.550000
1759315961.1067545,1028.5,1028.6,1028.550000
1759315961.494147,1028.5,1028.6,1028.550000
1759315961.8098245,1028.5,1028.6,1028.550000
1759315962.4354086,1028.5,1028.6,1028.550000
1759315962.6555054,1028.5,1028.6,1028.550000
1759315963.7978785,1028.5,1028.6,1028.550000
1759315964.384924,1028.5,1028.6,1028.550000
1759315965.094404,1028.5,1028.6,1028.550000
1759315965.3808346,1028.5,1028.6,1028.550000
1759315965.6646767,1028.5,1028.6,1028.550000
1759315965.9306266,1028.5,1028.7,1028.600000
1759315966.195497,1028.5,1028.6,1028.550000
1759315966.479607,1028.5,1028.6,1028.550000
1759315966.758342,1028.5,1028.6,1028.550000
1759315967.059437,1028.5,1028.6,1028.550000
1759315967.350915,1028.5,1028.6,1028.550000
1759315967.6419187,1028.5,1028.6,1028.550000
1759315967.9392326,1028.5,1028.6,1028.550000
1759315969.005178,1028.7,1028.8,1028.750000
1759315969.274847,1028.7,1028.8,1028.750000
1759315969.732941,1028.7,1028.8,1028.750000
1759315970.00494,1028.7,1028.8,1028.750000
1759315970.3216372,1028.7,1028.8,1028.750000
1759315970.628528,1028.7,1028.8,1028.750000
1759315970.8921335,1028.7,1028.8,1028.750000
1759315971.2232068,1028.7,1028.8,1028.750000
1759315971.549876,1028.7,1028.8,1028.750000
1759315971.846206,1028.7,1028.8,1028.750000
1759315972.7992666,1028.7,1028.8,1028.750000
1759315973.0898483,1028.7,1028.8,1028.750000
1759315974.1961207,1028.7,1028.8,1028.750000
1759315974.4564812,1028.7,1028.8,1028.750000
1759315974.8948138,1028.7,1028.8,1028.750000
1759315975.172203,1028.6,1028.7,1028.650000
1759315975.4720848,1028.6,1028.7,1028.650000
1759315975.7457929,1028.6,1028.7,1028.650000
1759315976.0295813,1028.6,1028.7,1028.650000
1759315976.3122258,1028.6,1028.7,1028.650000
1759315977.4923253,1028.6,1028.7,1028.650000
1759315978.510739,1028.6,1028.7,1028.650000
1759315978.771342,1028.6,1028.7,1028.650000
1759315979.7557812,1028.6,1028.7,1028.650000
1759315980.1837556,1028.6,1028.7,1028.650000
1759315980.5298045,1028.6,1028.7,1028.650000
1759315980.8134944,1028.6,1028.7,1028.650000
1759315981.1142056,1028.6,1028.7,1028.650000
1759315981.641358,1028.6,1028.7,1028.650000
1759315982.443164,1028.6,1028.7,1028.650000
1759315983.5867636,1028.6,1028.7,1028.650000
1759315983.9129095,1028.6,1028.7,1028.650000
1759315984.2637432,1028.6,1028.7,1028.650000
1759315985.1226366,1028.6,1028.7,1028.650000
1759315985.5756505,1028.6,1028.7,1028.650000
1759315985.8498192,1028.6,1028.7,1028.650000
1759315986.2107255,1028.6,1028.7,1028.650000
1759315987.142281,1028.6,1028.7,1028.650000
1759315987.6220295,1028.6,1028.7,1028.650000
1759315988.3615825,1028.6,1028.7,1028.650000
1759315989.0592775,1028.6,1028.7,1028.650000
1759315988.1338298,1028.6,1028.7,1028.650000
1759315988.690358,1028.6,1028.7,1028.650000
1759315988.9695773,1028.6,1028.7,1028.650000
1759315989.3220549,1028.6,1028.7,1028.650000
1759315989.592397,1028.6,1028.7,1028.650000
1759315989.9485147,1028.6,1028.7,1028.650000
1759315990.2249181,1028.6,1028.7,1028.650000
1759315990.506049,1028.6,1028.7,1028.650000
1759315990.7960181,1028.6,1028.7,1028.650000
1759315991.344349,1028.6,1028.7,1028.650000
1759315992.16743,1028.6,1028.7,1028.650000
1759315992.4806252,1028.6,1028.7,1028.650000
1759315992.8627932,1028.6,1028.7,1028.650000
1759315993.3743699,1028.6,1028.7,1028.650000
1759315993.635965,1028.6,1028.7,1028.650000
1759315993.990181,1028.6,1028.7,1028.650000
1759315994.3996677,1028.6,1028.7,1028.650000
1759315994.7718272,1028.6,1028.7,1028.650000
1759315995.1194112,1028.6,1028.7,1028.650000
1759315995.4495382,1028.6,1028.7,1028.650000
1759315995.746948,1028.6,1028.7,1028.650000
1759315996.3971214,1028.6,1028.7,1028.650000
1759315996.7479196,1028.6,1028.7,1028.650000
1759315997.349433,1028.6,1028.7,1028.650000
1759315998.603932,1028.6,1028.7,1028.650000
1759315998.898311,1028.6,1028.7,1028.650000
1759315999.3331642,1028.6,1028.7,1028.650000
1759315999.944629,1028.6,1028.7,1028.650000
1759316000.219281,1028.6,1028.7,1028.650000
1759316000.5549157,1028.6,1028.7,1028.650000
1759316001.0454366,1028.6,1028.7,1028.650000
1759316001.4142597,1028.6,1028.7,1028.650000
1759316001.7151873,1028.6,1028.7,1028.650000
1759316001.9930978,1028.6,1028.7,1028.650000
1759316002.374282,1028.6,1028.7,1028.650000
1759316002.646308,1028.6,1028.7,1028.650000
1759316002.988951,1028.6,1028.7,1028.650000
1759316003.5946405,1028.6,1028.7,1028.650000
1759316004.4370716,1028.6,1028.7,1028.650000
1759316005.2480416,1028.6,1028.7,1028.650000
1759316005.5773964,1028.6,1028.7,1028.650000
1759316005.9999526,1028.6,1028.7,1028.650000
1759316006.4849608,1028.6,1028.7,1028.650000
1759316006.7711306,1028.6,1028.7,1028.650000
1759316007.0897007,1028.6,1028.7,1028.650000
1759316007.4500885,1028.6,1028.7,1028.650000
1759316007.7333603,1028.6,1028.7,1028.650000
1759316008.0000343,1028.6,1028.7,1028.650000
1759316008.334774,1028.6,1028.7,1028.650000
1759316008.8982582,1028.6,1028.7,1028.650000
1759316009.1792428,1028.6,1028.7,1028.650000
1759316011.777048,1028.6,1028.7,1028.650000
1759316012.397289,1028.6,1028.7,1028.650000
1759316012.675282,1028.6,1028.7,1028.650000
1759316012.946034,1028.6,1028.7,1028.650000
1759316013.3077111,1028.6,1028.7,1028.650000
1759316013.5841432,1028.5,1028.6,1028.550000
1759316013.8727803,1028.5,1028.6,1028.550000
1759316014.1538396,1028.4,1028.5,1028.450000
1759316014.425153,1028.4,1028.5,1028.450000
1759316014.856292,1028.4,1028.5,1028.450000
1759316015.3716059,1028.4,1028.5,1028.450000
1759316015.861339,1028.4,1028.5,1028.450000
1759316016.2363727,1028.4,1028.5,1028.450000
1759316016.499941,1028.4,1028.5,1028.450000
1759316017.010126,1028.4,1028.5,1028.450000
1759316017.3636646,1028.4,1028.5,1028.450000
1759316017.4461503,1028.4,1028.5,1028.450000
1759316016.687576,1028.4,1028.5,1028.450000
1759316017.04883,1028.4,1028.5,1028.450000
1759316017.4064133,1028.4,1028.5,1028.450000
1759316017.6825256,1028.4,1028.5,1028.450000
1759316017.9838827,1028.4,1028.5,1028.450000
1759316019.1454875,1028.4,1028.5,1028.450000
1759316019.965098,1028.4,1028.5,1028.450000
1759316021.1411622,1028.4,1028.5,1028.450000
1759316021.7761137,1028.4,1028.5,1028.450000
1759316022.0610783,1028.4,1028.5,1028.450000
1759316022.3973348,1028.4,1028.5,1028.450000
1759316023.2283819,1028.4,1028.5,1028.450000
1759316023.6866217,1028.4,1028.5,1028.450000
1759316023.9567676,1028.5,1028.6,1028.550000
1759316024.31406,1028.5,1028.6,1028.550000
1759316025.118959,1028.5,1028.6,1028.550000
1759316025.4863381,1028.5,1028.6,1028.550000
1759316025.8458297,1028.5,1028.6,1028.550000
1759316026.4148555,1028.5,1028.6,1028.550000
1759316026.6949604,1028.5,1028.6,1028.550000
1759316027.0551977,1028.5,1028.6,1028.550000
1759316027.5330184,1028.5,1028.6,1028.550000
1759316028.572272,1028.5,1028.6,1028.550000
1759316029.1525116,1028.5,1028.6,1028.550000
1759316029.4288633,1028.5,1028.6,1028.550000
1759316029.6780565,1028.5,1028.6,1028.550000
1759316029.9725306,1028.5,1028.6,1028.550000
1759316030.556639,1028.5,1028.6,1028.550000
1759316030.8122206,1028.6,1028.7,1028.650000
1759316031.0929387,1028.6,1028.7,1028.650000
1759316031.5036063,1028.6,1028.7,1028.650000
1759316032.1623807,1028.6,1028.7,1028.650000
1759316032.8438177,1028.6,1028.7,1028.650000
1759316033.1280003,1028.6,1028.7,1028.650000
1759316033.7563345,1028.6,1028.7,1028.650000
1759316034.1276104,1028.6,1028.7,1028.650000
1759316034.385062,1028.6,1028.7,1028.650000
1759316034.8037968,1028.6,1028.7,1028.650000
1759316035.1627002,1028.6,1028.7,1028.650000
1759316035.7404768,1028.6,1028.7,1028.650000
1759316035.9536712,1028.6,1028.7,1028.650000
1759316036.3499806,1028.6,1028.7,1028.650000
1759316038.2418993,1028.6,1028.7,1028.650000
1759316039.1550174,1028.6,1028.7,1028.650000
1759316039.4198487,1028.6,1028.7,1028.650000
1759316039.774661,1028.6,1028.7,1028.650000
1759316041.0969908,1028.6,1028.7,1028.650000
1759316041.6238484,1028.6,1028.7,1028.650000
1759316042.0467765,1028.6,1028.7,1028.650000
1759316042.3805194,1028.6,1028.7,1028.650000
1759316042.6985967,1028.6,1028.7,1028.650000
1759316042.9756055,1028.6,1028.7,1028.650000
1759316043.4683993,1028.6,1028.7,1028.650000
1759316044.4160774,1028.6,1028.7,1028.650000
1759316044.7084825,1028.6,1028.7,1028.650000
1759316045.0593858,1028.6,1028.7,1028.650000
1759316045.5028822,1028.6,1028.7,1028.650000
1759316058.9248626,1028.5,1028.6,1028.550000
1759316063.5379956,1028.6,1028.7,1028.650000
1759316063.8889787,1028.6,1028.7,1028.650000
1759316064.1321723,1028.5,1028.6,1028.550000
1759316064.4013915,1028.5,1028.6,1028.550000
1759316064.6609771,1028.5,1028.6,1028.550000
1759316065.007982,1028.5,1028.6,1028.550000
1759316065.2956183,1028.5,1028.6,1028.550000
1759316065.7501822,1028.5,1028.6,1028.550000
1759316066.289994,1028.3,1028.5,1028.400000
1759316066.5654366,1028.4,1028.5,1028.450000
1759316066.834472,1028.3,1028.4,1028.350000
1759316067.1095955,1028.3,1028.4,1028.350000
1759316067.3843067,1028.3,1028.4,1028.350000
1759316067.6286898,1028.3,1028.4,1028.350000
1759316068.0154378,1028.3,1028.4,1028.350000
1759316068.8811257,1028.3,1028.4,1028.350000
1759316069.316344,1028.3,1028.4,1028.350000
1759316069.748536,1028.3,1028.4,1028.350000
1759316070.0119731,1028.3,1028.4,1028.350000
1759316070.3384767,1028.3,1028.4,1028.350000
1759316070.600166,1028.3,1028.6,1028.450000
1759316070.8777072,1028.4,1028.5,1028.450000
1759316071.1533155,1028.5,1028.6,1028.550000
1759316071.439512,1028.5,1028.6,1028.550000
1759316071.7348025,1028.5,1028.6,1028.550000
1759316072.0565753,1028.5,1028.6,1028.550000
1759316072.9720528,1028.5,1028.6,1028.550000
1759316073.4025533,1028.5,1028.6,1028.550000
1759316073.744196,1028.5,1028.6,1028.550000
1759316074.6116955,1028.5,1028.6,1028.550000
1759316073.4829464,1028.5,1028.6,1028.550000
1759316073.8457103,1028.5,1028.6,1028.550000
1759316074.5763397,1028.5,1028.6,1028.550000
1759316074.8563209,1028.5,1028.6,1028.550000
1759316075.2279968,1028.5,1028.6,1028.550000
1759316075.5969877,1028.5,1028.6,1028.550000
1759316076.0818627,1028.5,1028.6,1028.550000
1759316076.4061418,1028.5,1028.6,1028.550000
1759316076.870295,1028.5,1028.6,1028.550000
1759316077.149569,1028.5,1028.6,1028.550000
1759316077.4265854,1028.5,1028.6,1028.550000
1759316078.1618562,1028.5,1028.6,1028.550000
1759316078.56691,1028.5,1028.6,1028.550000
1759316078.8525124,1028.5,1028.6,1028.550000
1759316079.2030056,1028.5,1028.6,1028.550000
1759316079.4982564,1028.5,1028.6,1028.550000
1759316079.7820978,1028.5,1028.6,1028.550000
1759316080.1352441,1028.5,1028.6,1028.550000
1759316080.4155889,1028.5,1028.6,1028.550000
1759316080.7525089,1028.5,1028.6,1028.550000
1759316081.937012,1028.5,1028.6,1028.550000
1759316082.2673428,1028.5,1028.6,1028.550000
1759316082.5577092,1028.5,1028.6,1028.550000
1759316083.401865,1028.5,1028.6,1028.550000
1759316083.6963344,1028.5,1028.6,1028.550000
1759316083.9594536,1028.5,1028.6,1028.550000
1759316084.2240894,1028.5,1028.6,1028.550000
1759316084.504372,1028.5,1028.6,1028.550000
1759316085.320926,1028.5,1028.6,1028.550000
1759316085.6665726,1028.5,1028.6,1028.550000
1759316086.2032702,1028.5,1028.6,1028.550000
1759316086.5455942,1028.5,1028.6,1028.550000
1759316086.8748686,1028.5,1028.6,1028.550000
1759316087.1792367,1028.5,1028.6,1028.550000
1759316087.569739,1028.5,1028.6,1028.550000
1759316088.0653133,1028.5,1028.6,1028.550000
1759316088.5737598,1028.5,1028.6,1028.550000
1759316089.4867198,1028.5,1028.6,1028.550000
1759316089.7650054,1028.5,1028.6,1028.550000
1759316090.129166,1028.5,1028.6,1028.550000
1759316090.8509347,1028.5,1028.6,1028.550000
1759316091.256074,1028.5,1028.6,1028.550000
1759316091.834616,1028.5,1028.6,1028.550000
1759316093.035496,1028.5,1028.6,1028.550000
1759316093.8372376,1028.5,1028.6,1028.550000
1759316094.104317,1028.5,1028.6,1028.550000
1759316094.8568923,1028.5,1028.6,1028.550000
1759316230.9171991,1027.8,1027.9,1027.850000
1759316234.9888248,1027.8,1027.9,1027.850000
1759316235.401391,1027.8,1027.9,1027.850000
1759316235.8840117,1027.8,1027.9,1027.850000
1759316236.1663897,1027.8,1027.9,1027.850000
1759316236.4579897,1027.8,1027.9,1027.850000
1759316236.9261522,1027.8,1027.9,1027.850000
1759316237.376502,1027.8,1027.9,1027.850000
1759316237.685919,1027.8,1027.9,1027.850000
1759316238.036184,1027.8,1027.9,1027.850000
1759316238.3075075,1027.8,1027.9,1027.850000
1759316239.0545206,1027.8,1027.9,1027.850000
1759316239.678613,1027.8,1027.9,1027.850000
1759316239.9480243,1027.8,1027.9,1027.850000
1759316240.7982378,1027.8,1027.9,1027.850000
1759316241.0709617,1027.7,1027.9,1027.800000
1759316241.3497605,1027.7,1027.9,1027.800000
1759316242.4060571,1027.7,1027.9,1027.800000
1759316242.7272904,1027.7,1027.8,1027.750000
1759316242.9985895,1027.7,1027.8,1027.750000
1759316243.3079607,1027.7,1027.8,1027.750000
1759316243.6939077,1027.7,1027.8,1027.750000
1759316244.8470273,1027.7,1027.8,1027.750000
1759316245.4687734,1027.7,1027.9,1027.800000
1759316244.194052,1027.7,1027.9,1027.800000
1759316244.5680718,1027.7,1027.8,1027.750000
1759316244.8691092,1027.7,1027.8,1027.750000
1759316245.397383,1027.7,1027.8,1027.750000
1759316246.25384,1027.7,1027.8,1027.750000
1759316246.5918605,1027.7,1027.8,1027.750000
1759316246.898229,1027.7,1027.8,1027.750000
1759316247.237114,1027.7,1027.8,1027.750000
1759316247.9624977,1027.7,1027.8,1027.750000
1759316248.7474494,1027.7,1027.8,1027.750000
1759316249.1961055,1027.7,1027.8,1027.750000
1759316249.4745903,1027.7,1027.8,1027.750000
1759316249.889095,1027.7,1027.8,1027.750000
1759316250.1626601,1027.7,1027.8,1027.750000
1759316250.6259987,1027.7,1027.8,1027.750000
1759316250.8704376,1027.6,1027.8,1027.700000
1759316251.1512554,1027.6,1027.7,1027.650000
1759316251.4392033,1027.6,1027.8,1027.700000
1759316251.722863,1027.7,1027.8,1027.750000
1759316251.9850445,1027.7,1027.8,1027.750000
1759316252.2919333,1027.7,1027.8,1027.750000
1759316253.758133,1027.7,1027.8,1027.750000
1759316254.1010222,1027.7,1027.8,1027.750000
1759316254.3915055,1027.7,1027.8,1027.750000
1759316254.8815923,1027.7,1027.8,1027.750000
1759316255.1814349,1027.9,1028.0,1027.950000
1759316255.4382088,1027.9,1028.0,1027.950000
1759316255.7047157,1027.9,1028.0,1027.950000
1759316255.9801993,1027.9,1028.0,1027.950000
1759316256.238484,1027.9,1028.0,1027.950000
1759316256.6141648,1027.9,1028.0,1027.950000
1759316257.1273718,1027.9,1028.0,1027.950000
1759316257.48,1027.9,1028.0,1027.950000
1759316258.2670562,1027.9,1028.0,1027.950000
1759316258.9744046,1027.9,1028.0,1027.950000
1759316259.259296,1027.9,1028.0,1027.950000
1759316259.7430828,1027.9,1028.0,1027.950000
1759316260.2504973,1027.9,1028.0,1027.950000
1759316260.5464206,1027.9,1028.0,1027.950000
1759316260.839418,1027.9,1028.0,1027.950000
1759316261.1083422,1027.9,1028.0,1027.950000
1759316261.3941603,1027.9,1028.0,1027.950000
1759316261.6758041,1027.9,1028.0,1027.950000
1759316300.0547862,1027.7,1027.8,1027.750000
1759316303.077003,1027.9,1028.0,1027.950000
1759316303.8240345,1027.9,1028.0,1027.950000
1759316304.3220263,1027.9,1028.0,1027.950000
1759316304.5934088,1027.9,1028.0,1027.950000
1759316304.8660486,1027.9,1028.0,1027.950000
1759316305.2218132,1027.9,1028.0,1027.950000
1759316305.710543,1027.9,1028.0,1027.950000
1759316306.3205721,1027.9,1028.0,1027.950000
1759316306.5327802,1027.9,1028.0,1027.950000
1759316306.8471496,1027.9,1028.0,1027.950000
1759316307.2010944,1027.9,1028.0,1027.950000
1759316307.6894221,1027.9,1028.0,1027.950000
1759316307.9758742,1027.9,1028.0,1027.950000
1759316308.5612414,1027.9,1028.0,1027.950000
1759316308.8707025,1027.9,1028.0,1027.950000
1759316309.7060618,1027.9,1028.0,1027.950000
1759316309.9904616,1027.9,1028.0,1027.950000
1759316310.2946093,1027.9,1028.0,1027.950000
1759316310.5495303,1027.9,1028.0,1027.950000
1759316310.88901,1027.9,1028.0,1027.950000
1759316311.2995458,1027.9,1028.0,1027.950000
1759316311.5859513,1027.9,1028.0,1027.950000
1759316312.1355672,1027.9,1028.0,1027.950000
1759316312.945713,1027.9,1028.0,1027.950000
1759316313.2279823,1027.9,1028.0,1027.950000
1759316313.4974494,1027.9,1028.0,1027.950000
1759316313.7762697,1027.9,1028.0,1027.950000
1759316314.1608005,1027.9,1028.0,1027.950000
1759316314.7868903,1027.9,1028.0,1027.950000
1759316315.077424,1027.9,1028.0,1027.950000
1759316315.4256284,1027.9,1028.0,1027.950000
1759316315.7588801,1027.9,1028.0,1027.950000
1759316316.0409198,1027.9,1028.1,1028.000000
1759316316.3347495,1027.9,1028.1,1028.000000
1759316316.6868088,1028.0,1028.1,1028.050000
1759316316.9364424,1028.0,1028.1,1028.050000
1759316317.5118003,1028.0,1028.1,1028.050000
1759316317.8034794,1028.0,1028.1,1028.050000
1759316318.714818,1028.0,1028.1,1028.050000
1759316319.0200415,1028.0,1028.1,1028.050000
1759316319.4573863,1028.0,1028.1,1028.050000
1759316320.614209,1028.0,1028.1,1028.050000
1759316320.9228396,1028.0,1028.1,1028.050000
1759316321.2696748,1028.0,1028.1,1028.050000
1759316321.6371748,1028.0,1028.1,1028.050000
1759316322.7032952,1028.0,1028.1,1028.050000
1759316323.5297613,1028.0,1028.1,1028.050000
1759316324.3329055,1028.1,1028.2,1028.150000
1759316324.6193533,1028.1,1028.2,1028.150000
1759316325.0292022,1028.1,1028.2,1028.150000
1759316325.2908437,1028.1,1028.2,1028.150000
1759316325.6542478,1028.1,1028.2,1028.150000
1759316325.9297488,1028.1,1028.2,1028.150000
1759316326.1978312,1028.1,1028.2,1028.150000
1759316326.5649607,1028.1,1028.2,1028.150000
1759316326.9524775,1028.1,1028.2,1028.150000
1759316327.440343,1028.1,1028.2,1028.150000
1759316327.7233584,1028.1,1028.2,1028.150000
1759316328.017987,1028.1,1028.2,1028.150000
1759316328.279797,1028.1,1028.2,1028.150000
1759316328.5570657,1028.1,1028.2,1028.150000
1759316329.174758,1028.1,1028.2,1028.150000
1759316329.658938,1028.1,1028.2,1028.150000
1759316330.1193888,1028.1,1028.2,1028.150000
1759316330.4772277,1028.1,1028.2,1028.150000
1759316330.7999415,1028.1,1028.2,1028.150000
1759316329.5421116,1028.1,1028.2,1028.150000
1759316329.9143763,1028.1,1028.2,1028.150000
1759316330.2662625,1028.1,1028.2,1028.150000
1759316330.6708364,1028.1,1028.2,1028.150000
1759316330.9586117,1028.1,1028.2,1028.150000
1759316331.4556599,1028.1,1028.2,1028.150000
1759316331.802575,1028.1,1028.2,1028.150000
1759316332.4378633,1028.1,1028.2,1028.150000
1759316332.8003004,1028.1,1028.2,1028.150000
1759316333.158996,1028.1,1028.2,1028.150000
1759316334.018607,1028.1,1028.2,1028.150000
1759316334.3202617,1028.1,1028.2,1028.150000
1759316334.5954635,1028.1,1028.2,1028.150000
1759316334.9512403,1028.1,1028.2,1028.150000
1759316335.3090348,1028.1,1028.2,1028.150000
1759316335.9848764,1028.1,1028.2,1028.150000
1759316336.2574718,1028.1,1028.2,1028.150000
1759316337.2547505,1028.1,1028.2,1028.150000
1759316337.6128998,1028.1,1028.2,1028.150000
1759316337.9908593,1028.1,1028.2,1028.150000
1759316339.0299864,1028.1,1028.3,1028.200000
1759316339.3105621,1028.2,1028.3,1028.250000
1759316339.5723262,1028.2,1028.3,1028.250000
1759316340.2665398,1028.2,1028.3,1028.250000
1759316340.5417132,1028.2,1028.3,1028.250000
1759316340.8817766,1028.2,1028.3,1028.250000
1759316341.20299,1028.2,1028.3,1028.250000
1759316341.4776998,1028.1,1028.3,1028.200000
1759316341.768274,1028.1,1028.3,1028.200000
1759316342.052628,1028.1,1028.3,1028.200000
1759316342.5046136,1028.1,1028.3,1028.200000
1759316342.912336,1028.2,1028.3,1028.250000
1759316343.1993222,1028.2,1028.3,1028.250000
1759316343.5947258,1028.2,1028.3,1028.250000
1759316344.1050534,1028.2,1028.3,1028.250000
1759316344.5314717,1028.2,1028.3,1028.250000
1759316344.919645,1028.2,1028.3,1028.250000
1759316345.287664,1028.2,1028.3,1028.250000
1759316345.6169038,1028.2,1028.3,1028.250000
1759316345.8892512,1028.2,1028.3,1028.250000
1759316346.2505603,1028.2,1028.3,1028.250000
1759316346.9412823,1028.2,1028.3,1028.250000
1759316348.081648,1028.2,1028.3,1028.250000
1759316348.9760492,1028.2,1028.3,1028.250000
1759316350.272583,1028.2,1028.3,1028.250000
1759316350.8018281,1028.2,1028.3,1028.250000
1759316351.1116517,1028.2,1028.3,1028.250000
1759316351.4757025,1028.2,1028.3,1028.250000
1759316352.4670618,1028.2,1028.3,1028.250000
1759316352.8521016,1028.2,1028.3,1028.250000
1759316353.5151834,1028.2,1028.3,1028.250000
1759316353.9974098,1028.2,1028.3,1028.250000
1759316354.3230982,1028.2,1028.3,1028.250000
1759316354.6728427,1028.2,1028.3,1028.250000
1759316354.9596822,1028.2,1028.3,1028.250000
1759316355.269966,1028.2,1028.4,1028.300000
1759316355.544061,1028.2,1028.3,1028.250000
1759316355.8216002,1028.2,1028.3,1028.250000
1759316356.187069,1028.2,1028.4,1028.300000
1759316356.444947,1028.2,1028.4,1028.300000
1759316356.7269225,1028.2,1028.4,1028.300000
1759316357.0051901,1028.2,1028.3,1028.250000
1759316357.2660549,1028.2,1028.4,1028.300000
1759316357.551,1028.2,1028.3,1028.250000
1759316357.8370128,1028.2,1028.3,1028.250000
1759316358.2199233,1028.2,1028.3,1028.250000
1759316358.7006974,1028.2,1028.3,1028.250000
1759316359.3042738,1028.2,1028.3,1028.250000
1759316358.25542,1028.2,1028.3,1028.250000
1759316358.6014977,1028.2,1028.3,1028.250000
1759316358.8724823,1028.2,1028.3,1028.250000
1759316359.9313586,1028.2,1028.3,1028.250000
1759316360.2761426,1028.2,1028.3,1028.250000
1759316360.6119342,1028.2,1028.4,1028.300000
1759316360.894512,1028.2,1028.3,1028.250000
1759316361.493772,1028.2,1028.4,1028.300000
1759316361.9031563,1028.2,1028.4,1028.300000
1759316362.189266,1028.2,1028.3,1028.250000
1759316362.563191,1028.3,1028.4,1028.350000
1759316362.8463628,1028.3,1028.4,1028.350000
1759316363.161547,1028.3,1028.4,1028.350000
1759316363.6547465,1028.3,1028.4,1028.350000
1759316364.507644,1028.3,1028.4,1028.350000
1759316364.8446224,1028.3,1028.4,1028.350000
1759316365.3140075,1028.3,1028.4,1028.350000
1759316365.6899016,1028.3,1028.4,1028.350000
1759316366.7074609,1028.3,1028.4,1028.350000
1759316367.776024,1028.2,1028.3,1028.250000
1759316368.0559962,1028.2,1028.3,1028.250000
1759316368.3405416,1028.2,1028.3,1028.250000
1759316368.8628106,1028.2,1028.3,1028.250000
1759316369.6942859,1028.2,1028.3,1028.250000
1759316370.0337536,1028.2,1028.3,1028.250000
1759316370.7299232,1028.2,1028.3,1028.250000
1759316371.016076,1028.2,1028.3,1028.250000
1759316371.3582222,1028.2,1028.3,1028.250000
1759316371.6977823,1028.2,1028.3,1028.250000
1759316373.370329,1028.2,1028.3,1028.250000
1759316373.6391952,1028.2,1028.3,1028.250000
1759316373.9136226,1028.2,1028.3,1028.250000
1759316374.2605648,1028.2,1028.3,1028.250000
1759316374.5297313,1028.2,1028.3,1028.250000
1759316375.0215778,1028.2,1028.3,1028.250000
1759316375.825049,1028.2,1028.3,1028.250000
1759316376.138535,1028.2,1028.3,1028.250000
1759316376.4093735,1028.2,1028.3,1028.250000
1759316376.793508,1028.2,1028.3,1028.250000
1759316377.5133004,1028.2,1028.3,1028.250000
1759316377.8639393,1028.2,1028.3,1028.250000
1759316378.7176516,1028.2,1028.3,1028.250000
1759316380.1181731,1028.2,1028.3,1028.250000
1759316380.396103,1028.2,1028.3,1028.250000
1759316380.7622356,1028.2,1028.3,1028.250000
1759316381.1236007,1028.2,1028.3,1028.250000
1759316381.5053988,1028.2,1028.3,1028.250000
1759316381.8785162,1028.2,1028.3,1028.250000
1759316382.22436,1028.2,1028.3,1028.250000
1759316384.3748465,1028.2,1028.3,1028.250000
1759316384.6790817,1028.2,1028.3,1028.250000
1759316385.2135966,1028.2,1028.3,1028.250000
1759316385.6915143,1028.2,1028.3,1028.250000
1759316386.0986197,1028.2,1028.3,1028.250000
1759316386.3864424,1028.2,1028.3,1028.250000
1759316386.6856434,1028.2,1028.3,1028.250000
1759316386.9983048,1028.2,1028.3,1028.250000
1759316387.3309178,1028.2,1028.3,1028.250000
1759316387.629195,1028.2,1028.3,1028.250000
1759316386.5116398,1028.2,1028.3,1028.250000
1759316387.757489,1028.2,1028.3,1028.250000
1759316388.3342779,1028.2,1028.3,1028.250000
1759316388.892268,1028.2,1028.3,1028.250000
1759316389.2157652,1028.2,1028.3,1028.250000
1759316390.5162146,1028.2,1028.3,1028.250000
1759316390.803626,1028.2,1028.3,1028.250000
1759316391.0944204,1028.2,1028.3,1028.250000
1759316392.0686274,1028.2,1028.3,1028.250000
1759316392.463649,1028.2,1028.3,1028.250000
1759316392.8707108,1028.2,1028.3,1028.250000
1759316393.2776802,1028.2,1028.3,1028.250000
1759316393.6949642,1028.2,1028.3,1028.250000
1759316394.1700754,1028.2,1028.3,1028.250000
1759316394.7170298,1028.2,1028.3,1028.250000
1759316395.0051374,1028.3,1028.4,1028.350000
1759316395.288927,1028.3,1028.4,1028.350000
1759316395.5770793,1028.3,1028.4,1028.350000
1759316395.8455524,1028.3,1028.4,1028.350000
1759316396.1142004,1028.3,1028.4,1028.350000
1759316396.4533844,1028.3,1028.4,1028.350000
1759316396.9650826,1028.3,1028.4,1028.350000
1759316397.6285667,1028.3,1028.4,1028.350000
1759316398.9567657,1028.3,1028.4,1028.350000
1759316399.291437,1028.3,1028.4,1028.350000
1759316399.567221,1028.3,1028.4,1028.350000
1759316399.9486785,1028.3,1028.4,1028.350000
1759316400.3990943,1028.3,1028.4,1028.350000
1759316400.7243497,1028.3,1028.4,1028.350000
1759316401.0098808,1028.3,1028.4,1028.350000
1759316401.2808907,1028.3,1028.4,1028.350000
1759316401.5760176,1028.3,1028.4,1028.350000
1759316402.0073676,1028.4,1028.5,1028.450000
1759316402.2803571,1028.4,1028.5,1028.450000
1759316402.5650275,1028.4,1028.5,1028.450000
1759316402.9758656,1028.4,1028.5,1028.450000
1759316403.3217797,1028.4,1028.5,1028.450000
1759316403.9371967,1028.4,1028.5,1028.450000
1759316404.5732613,1028.4,1028.5,1028.450000
1759316404.8536563,1028.4,1028.5,1028.450000
1759316405.2186294,1028.4,1028.5,1028.450000
1759316405.4847198,1028.4,1028.6,1028.500000
1759316405.7487276,1028.4,1028.6,1028.500000
1759316406.0395656,1028.4,1028.6,1028.500000
1759316406.6754644,1028.5,1028.6,1028.550000
1759316406.9558456,1028.5,1028.6,1028.550000
1759316407.5092027,1028.5,1028.6,1028.550000
1759316407.7821784,1028.5,1028.6,1028.550000
1759316408.2402937,1028.5,1028.6,1028.550000
1759316408.9073627,1028.5,1028.6,1028.550000
1759316409.1837118,1028.5,1028.6,1028.550000
1759316409.4813719,1028.5,1028.6,1028.550000
1759316409.9015887,1028.5,1028.6,1028.550000
1759316410.1641614,1028.5,1028.6,1028.550000
1759316410.5737188,1028.5,1028.6,1028.550000
1759316410.802958,1028.5,1028.6,1028.550000
1759316411.0847363,1028.5,1028.6,1028.550000
1759316411.4235115,1028.5,1028.6,1028.550000
1759316412.383774,1028.5,1028.6,1028.550000
1759316414.6202736,1028.5,1028.6,1028.550000
1759316415.2484565,1028.5,1028.6,1028.550000
1759316415.5236351,1028.5,1028.6,1028.550000
1759316415.7913773,1028.5,1028.6,1028.550000
1759316415.1607037,1028.5,1028.6,1028.550000
1759316415.4500601,1028.4,1028.5,1028.450000
1759316415.7184389,1028.4,1028.5,1028.450000
1759316415.9890597,1028.4,1028.5,1028.450000
1759316416.295397,1028.4,1028.5,1028.450000
1759316416.583153,1028.4,1028.5,1028.450000
1759316416.8652105,1028.4,1028.5,1028.450000
1759316417.2436304,1028.4,1028.5,1028.450000
1759316417.54588,1028.4,1028.5,1028.450000
1759316418.122834,1028.4,1028.5,1028.450000
1759316418.5073369,1028.4,1028.5,1028.450000
1759316418.757047,1028.4,1028.5,1028.450000
1759316419.044895,1028.4,1028.5,1028.450000
1759316419.3351827,1028.4,1028.5,1028.450000
1759316419.647183,1028.4,1028.5,1028.450000
1759316420.0899756,1028.4,1028.5,1028.450000
1759316420.4793456,1028.4,1028.5,1028.450000
1759316421.653523,1028.4,1028.5,1028.450000
1759316421.8586535,1028.4,1028.5,1028.450000
1759316422.117685,1028.4,1028.5,1028.450000
1759316422.5598469,1028.4,1028.5,1028.450000
1759316423.0775,1028.4,1028.5,1028.450000
1759316423.3376162,1028.4,1028.5,1028.450000
1759316423.6824772,1028.4,1028.5,1028.450000
1759316424.2469852,1028.1,1028.4,1028.250000
1759316424.5456722,1028.1,1028.3,1028.200000
1759316424.8945177,1028.2,1028.3,1028.250000
1759316425.1740813,1028.2,1028.3,1028.250000
1759316425.4930918,1028.1,1028.3,1028.200000
1759316425.8955007,1028.1,1028.3,1028.200000
1759316426.1774666,1028.2,1028.3,1028.250000
1759316426.5466425,1028.2,1028.3,1028.250000
1759316427.1307626,1028.1,1028.3,1028.200000
1759316427.4804087,1028.1,1028.3,1028.200000
1759316427.7698448,1028.1,1028.3,1028.200000
1759316428.0581222,1028.1,1028.3,1028.200000
1759316428.7095003,1027.9,1028.2,1028.050000
1759316428.9986172,1028.0,1028.1,1028.050000
1759316429.25198,1028.0,1028.1,1028.050000
1759316429.5214667,1028.0,1028.2,1028.100000
1759316429.7976263,1028.1,1028.2,1028.150000
1759316430.0822473,1028.1,1028.2,1028.150000
1759316430.3564892,1028.1,1028.2,1028.150000
1759316430.6495824,1028.1,1028.2,1028.150000
1759316430.9636245,1028.1,1028.2,1028.150000
1759316431.2291791,1028.1,1028.2,1028.150000
1759316431.5149996,1028.1,1028.2,1028.150000
1759316431.7758515,1028.0,1028.2,1028.100000
1759316432.0534008,1028.0,1028.2,1028.100000
1759316432.4188251,1028.1,1028.2,1028.150000
1759316432.7025254,1028.2,1028.3,1028.250000
1759316433.0076387,1028.1,1028.3,1028.200000
1759316433.28469,1028.0,1028.2,1028.100000
1759316433.5695946,1028.1,1028.2,1028.150000
1759316434.0504432,1028.1,1028.2,1028.150000
1759316434.3321135,1028.1,1028.2,1028.150000
1759316434.6138663,1028.1,1028.2,1028.150000
1759316434.887262,1028.1,1028.2,1028.150000
1759316435.6255836,1028.1,1028.2,1028.150000
1759316436.0023603,1028.1,1028.2,1028.150000
1759316436.2801414,1028.1,1028.2,1028.150000
1759316436.6153786,1028.1,1028.2,1028.150000
1759316436.8886979,1028.1,1028.2,1028.150000
1759316437.75183,1028.1,1028.2,1028.150000
1759316439.4033732,1028.1,1028.2,1028.150000
1759316439.6724725,1028.1,1028.2,1028.150000
1759316440.0429063,1028.1,1028.2,1028.150000
1759316441.344622,1028.1,1028.2,1028.150000
1759316442.4124231,1028.1,1028.2,1028.150000
1759316442.6912243,1028.1,1028.2,1028.150000
1759316443.16874,1028.1,1028.2,1028.150000
1759316443.7420995,1028.1,1028.2,1028.150000
1759316444.131374,1028.1,1028.2,1028.150000
1759316443.2206554,1028.3,1028.4,1028.350000
1759316443.492016,1028.3,1028.4,1028.350000
1759316443.7724442,1028.3,1028.4,1028.350000
1759316444.0539262,1028.3,1028.4,1028.350000
1759316444.3880653,1028.3,1028.4,1028.350000
1759316444.7924776,1028.3,1028.4,1028.350000
1759316445.0714138,1028.3,1028.4,1028.350000
1759316446.2613492,1028.3,1028.4,1028.350000
1759316446.5358691,1028.3,1028.4,1028.350000
