id,unix_timestamp_ms,side,price,quantity
26999577,1759266144283,buy,1.665200,51.450000
26999578,1759266144283,buy,1.665200,27.290000
26999579,1759266144283,buy,1.665200,662.180000
26999580,1759266144283,buy,1.665200,759.600000
26999581,1759266144350,sell,1.665000,23.580000
26999582,1759266144762,sell,1.665000,23.540000
26999583,1759266144970,sell,1.665000,4.500000
26999584,1759266145202,sell,1.665200,20.240000
26999585,1759266145219,sell,1.665200,180.150000
26999586,1759266145604,sell,1.665300,15.000000
26999587,1759266146281,sell,1.665300,200.000000
26999588,1759266146615,buy,1.665600,13.500000
26999589,1759266146731,sell,1.665500,510.760000
26999590,1759266146731,sell,1.665500,190.610000
26999591,1759266146853,buy,1.665600,66.800000
26999592,1759266146853,buy,1.665600,185.020000
26999593,1759266146853,buy,1.665700,0.790000
26999594,1759266147205,buy,1.665700,509.960000
26999595,1759266147205,buy,1.665800,1345.040000
26999596,1759266147444,sell,1.665500,3.200000
26999597,1759266147493,buy,1.665900,1125.560000
26999598,1759266147493,buy,1.665900,826.720000
26999599,1759266147770,buy,1.665900,2804.050000
26999600,1759266147809,buy,1.665850,10232.110000
26999601,1759266147974,sell,1.665700,90.050000
26999602,1759266148452,buy,1.665900,117.300000
26999603,1759266148563,buy,1.666100,26.370000
26999604,1759266148577,buy,1.666100,180.150000
26999605,1759266148666,buy,1.666200,45.050000
26999606,1759266148666,buy,1.666300,25.000000
26999607,1759266148666,buy,1.666400,1277.160000
26999608,1759266148948,sell,1.666300,20.580000
26999609,1759266149000,buy,1.666200,25.870000
26999610,1759266149039,sell,1.666100,27.280000
26999611,1759266149044,sell,1.665700,23.000000
26999612,1759266149327,buy,1.666100,3.200000
26999613,1759266149412,buy,1.666100,23.110000
26999614,1759266149860,buy,1.666000,14.700000
26999615,1759266150031,buy,1.666350,9258.560000
26999616,1759266150382,sell,1.666600,228.700000
26999617,1759266150765,buy,1.666700,29.810000
26999618,1759266150782,buy,1.666700,23.000000
26999619,1759266150954,buy,1.666700,2621.870000
26999620,1759266150954,buy,1.666700,261.590000
26999621,1759266151008,sell,1.666500,4.500000
26999622,1759266151027,sell,1.666500,89.810000
26999623,1759266151335,sell,1.666700,360.030000
26999624,1759266151343,buy,1.666800,4.280000
26999625,1759266151607,buy,1.666750,14558.990000
26999626,1759266151780,sell,1.666700,149.470000
26999627,1759266152124,buy,1.666800,89.990000
26999628,1759266152386,buy,1.667000,77.610000
26999629,1759266152386,buy,1.667000,40.620000
26999630,1759266152386,buy,1.667100,6.090000
26999631,1759266152386,buy,1.667100,27.270000
26999632,1759266152386,buy,1.667300,16.550000
26999633,1759266152386,buy,1.667400,19.450000
26999634,1759266152460,sell,1.667300,180.150000
26999635,1759266152642,buy,1.667400,4.500000
26999636,1759266152648,sell,1.667300,25.830000
26999637,1759266153084,sell,1.667300,23.170000
26999638,1759266153324,sell,1.667300,582.020000
26999639,1759266153339,sell,1.667300,3.200000
26999640,1759266153482,sell,1.667300,23.320000
26999641,1759266153594,buy,1.667400,50.340000
26999642,1759266153862,buy,1.667500,45.050000
26999643,1759266153862,buy,1.667500,174.060000
26999644,1759266153862,buy,1.667500,10.000000
26999645,1759266153929,sell,1.667700,17.670000
26999646,1759266154218,sell,1.667700,8.430000
26999647,1759266154246,buy,1.667800,16.340000
26999648,1759266154246,buy,1.667900,61.100000
26999649,1759266154586,buy,1.667900,180.010000
26999650,1759266154932,buy,1.667900,879.220000
26999651,1759266154975,buy,1.667900,3.200000
26999652,1759266155212,buy,1.667900,376.470000
26999653,1759266155212,buy,1.667900,46.100000
26999654,1759266155297,sell,1.667850,21657.310000
26999655,1759266155504,sell,1.667800,9.590000
26999656,1759266155764,buy,1.667900,742.110000
26999657,1759266155764,buy,1.667900,15.000000
26999658,1759266155764,buy,1.668000,265.100000
26999659,1759266155764,buy,1.668000,3.590000
26999660,1759266155764,buy,1.668000,3.590000
26999661,1759266155764,buy,1.668100,10.640000
26999662,1759266155764,buy,1.668100,3.300000
26999663,1759266155777,buy,1.667900,537.840000
26999664,1759266155777,buy,1.668200,13.680000
26999665,1759266155918,sell,1.668100,80.200000
26999666,1759266155918,sell,1.668100,99.660000
26999667,1759266156154,sell,1.668100,17.980000
26999668,1759266156157,sell,1.668100,4.500000
26999669,1759266156482,sell,1.668000,15.770000
26999670,1759266156713,sell,1.668000,9.230000
26999671,1759266156713,sell,1.668000,140.770000
26999672,1759266156766,sell,1.668000,89.930000
26999673,1759266156786,sell,1.668000,10.430000
26999674,1759266156952,buy,1.668100,359.860000
26999675,1759266157278,buy,1.668100,299.770000
26999676,1759266157303,buy,1.668100,24.730000
10294604,1759266165196,buy,1.668700,121.920000
10294605,1759266165384,sell,1.668650,12326.060000
10294606,1759266165830,buy,1.668800,179.760000
10294607,1759266166363,sell,1.668300,359.860000
10294608,1759266166493,sell,1.668800,150.000000
10294609,1759266166510,buy,1.669100,1356.970000
10294610,1759266166558,sell,1.668800,89.890000
10294611,1759266167134,buy,1.668800,26.790000
10294612,1759266167156,sell,1.668500,28.420000
10294613,1759266167622,buy,1.669000,25.600000
10294614,1759266167635,sell,1.668700,1340.800000
10294615,1759266167918,sell,1.668600,7.450000
10294616,1759266167918,sell,1.668500,3.540000
10294617,1759266167978,buy,1.668700,1711.290000
10294618,1759266168110,buy,1.668800,22.510000
10294619,1759266168381,sell,1.668600,139.010000
10294620,1759266168561,buy,1.668700,14.990000
10294621,1759266168691,buy,1.668700,17.820000
10294622,1759266168945,sell,1.668500,34.730000
10294623,1759266169063,sell,1.668500,2153.170000
10294624,1759266169136,sell,1.668600,8135.050000
10294625,1759266169140,sell,1.668500,3.200000
10294626,1759266169230,sell,1.668600,179.760000
10294627,1759266170028,buy,1.668600,17.970000
10294628,1759266170121,sell,1.668500,335.760000
10294629,1759266170415,sell,1.668500,180.180000
10294630,1759266170723,sell,1.668500,4.500000
10294631,1759266170822,buy,1.668600,599.340000
10294632,1759266171142,buy,1.668600,5218.230000
10294633,1759266171282,buy,1.668700,2209.070000
10294634,1759266171335,sell,1.668600,89.900000
10294635,1759266171509,sell,1.669100,68.000000
10294636,1759266171733,buy,1.669300,28.420000
10294637,1759266171733,buy,1.669400,331.140000
10294638,1759266171943,buy,1.669400,22.650000
10294639,1759266171975,buy,1.669350,8758.160000
10294640,1759266172044,buy,1.669400,135.250000
10294641,1759266172044,buy,1.669500,1344.490000
10294642,1759266172265,sell,1.669400,551.520000
10294643,1759266172354,buy,1.669600,208.970000
10294644,1759266172616,buy,1.669600,2289.220000
10294645,1759266172616,buy,1.669800,10.000000
10294646,1759266172616,buy,1.670000,2111.550000
10294647,1759266172616,buy,1.670100,3.840000
10294648,1759266172616,buy,1.670200,65.710000
10294649,1759266172616,buy,1.670300,158.290000
10294650,1759266172616,buy,1.670500,361.390000
10294651,1759266172835,buy,1.670400,26.180000
10294652,1759266173190,buy,1.670400,100.000000
10294653,1759266173368,buy,1.670400,19.600000
10294654,1759266173459,sell,1.670300,3893.030000
10294655,1759266173463,sell,1.670200,28.400000
10294656,1759266173785,sell,1.669600,3.850000
10294657,1759266173785,sell,1.669500,25.000000
10294658,1759266173785,sell,1.669300,291.150000
10294659,1759266173900,buy,1.669500,120.320000
10294660,1759266173926,sell,1.669200,7.180000
10294661,1759266173926,sell,1.669100,512.380000
10294662,1759266174145,buy,1.669300,1241.970000
10294663,1759266174288,sell,1.669000,150.000000
10294664,1759266174552,sell,1.669000,34.110000
10294665,1759266174552,sell,1.668900,328.040000
10294666,1759266174648,sell,1.669000,4782.110000
10294667,1759266175161,sell,1.669250,8924.050000
10294668,1759266175211,sell,1.669200,179.800000
10294669,1759266175244,buy,1.669700,376.470000
10294670,1759266175368,sell,1.669400,3.200000
10294671,1759266175551,buy,1.669700,628.650000
10294672,1759266175551,buy,1.670000,1204.150000
10294673,1759266175551,buy,1.670200,222.000000
10294674,1759266175753,buy,1.670300,25.000000
10294675,1759266175753,buy,1.670500,417.200000
10294676,1759266175753,buy,1.670600,1427.720000
10294677,1759266175754,buy,1.670700,658.620000
10294678,1759266175754,buy,1.670800,98.110000
10294679,1759266175754,buy,1.670900,4.040000
10294680,1759266175754,buy,1.671000,492.950000
10294681,1759266176005,sell,1.670800,4.500000
10294682,1759266176050,buy,1.670900,222.000000
10294683,1759266176050,buy,1.671100,2472.390000
10294684,1759266176133,buy,1.671200,5089.850000
10294685,1759266176449,buy,1.671200,197.960000
10294686,1759266176607,sell,1.671100,25.360000
10294687,1759266176657,buy,1.671150,13740.360000
10294688,1759266176738,buy,1.671200,132.060000
10294689,1759266177001,buy,1.671300,3.200000
10294690,1759266177049,sell,1.671200,23.050000
10294691,1759266177084,buy,1.671300,114.890000
10294692,1759266177084,buy,1.671400,22.640000
10294693,1759266177084,buy,1.671500,1270.000000
10294694,1759266177447,sell,1.671100,22.760000
10294695,1759266177639,buy,1.671200,4.500000
10294696,1759266177868,sell,1.671100,18.680000
10294697,1759266177947,sell,1.671400,150.000000
10294698,1759266178031,sell,1.671200,28.390000
10294699,1759266178031,sell,1.671100,171.610000
10294700,1759266178335,buy,1.670800,179.740000
10294701,1759266178710,sell,1.670800,29236.940000
10294702,1759266178799,buy,1.671100,222.000000
10294703,1759266178799,buy,1.671200,26.450000
10294704,1759266178799,buy,1.671300,15.330000
10294705,1759266178897,sell,1.670900,9.410000
10294706,1759266179361,sell,1.670900,15.000000
10294707,1759266179361,sell,1.670700,54.710000
10294708,1759266179649,buy,1.670800,3259.370000
10294709,1759266180167,sell,1.670500,89.780000
10294710,1759266180381,buy,1.670900,1517.590000
10294711,1759266180558,buy,1.670600,48.580000
10294712,1759266180710,sell,1.670500,27.990000
10294713,1759266180832,sell,1.670500,359.560000
10294714,1759266181036,buy,1.670600,322.450000
10294715,1759266181163,sell,1.670500,122.010000
10294716,1759266181309,sell,1.670500,7.700000
10294717,1759266181464,sell,1.670400,30.500000
10294718,1759266181464,sell,1.670300,149.240000
10294719,1759266181497,buy,1.670500,24.190000
10294720,1759266181546,buy,1.670200,231.840000
10294721,1759266181752,buy,1.670400,1433.390000
10294722,1759266181953,buy,1.670500,1650.640000
10294723,1759266182080,buy,1.670500,1492.930000
10294724,1759266182309,sell,1.670300,500.000000
10294725,1759266182658,buy,1.670900,1776.970000
10294726,1759266182758,buy,1.671000,27.060000
10294727,1759266182946,buy,1.671500,7.700000
10294728,1759266183101,buy,1.671500,1148.150000
10294729,1759266183228,buy,1.671450,11556.510000
10294730,1759266183335,buy,1.671500,1764.870000
10294731,1759266183394,buy,1.671600,463.780000
10294732,1759266183394,buy,1.671700,9.270000
10294733,1759266183394,buy,1.671800,25.110000
10294734,1759266183394,buy,1.671900,283.520000
10294735,1759266183469,buy,1.672000,625.930000
10294736,1759266183709,sell,1.672000,193.910000
10294737,1759266184126,buy,1.672100,59.870000
10294738,1759266184402,buy,1.672100,26.940000
10294739,1759266184402,buy,1.672200,152.630000
10294740,1759266184527,buy,1.672200,67.830000
10294741,1759266184663,buy,1.672200,1.540000
10294742,1759266184663,buy,1.672300,279.490000
10294743,1759266184834,sell,1.672000,89.710000
10294744,1759266185153,buy,1.672200,201.500000
10294745,1759266185153,buy,1.672300,1292.780000
10294746,1759266185285,buy,1.672250,7645.830000
10294747,1759266185314,buy,1.672300,22.740000
10294748,1759266185359,sell,1.672200,1080.480000
10294749,1759266185494,buy,1.672400,254.940000
10294750,1759266185829,buy,1.672000,26.040000
10294751,1759266186220,sell,1.671900,139.630000
10294752,1759266186243,buy,1.672000,23.700000
10294753,1759266186428,buy,1.672000,17.230000
10294754,1759266186428,buy,1.672200,846.100000
10294755,1759266186653,buy,1.672200,3159.820000
10294756,1759266186726,sell,1.671900,105.150000
10294757,1759266186769,buy,1.672200,359.170000
10294758,1759266186865,sell,1.672050,12018.400000
10294759,1759266186952,sell,1.671900,3.200000
10294760,1759266186956,buy,1.672100,4328.330000
10294761,1759266186956,buy,1.672200,671.670000
10294762,1759266187003,sell,1.671800,4.500000
10294763,1759266187025,buy,1.671900,599.230000
10294764,1759266187222,sell,1.671800,1172.300000
10294765,1759266187436,sell,1.671700,150.000000
10294766,1759266187449,buy,1.671900,1616.920000
10294767,1759266187550,sell,1.671600,15.000000
10294768,1759266187550,sell,1.671500,206.090000
10294769,1759266187551,sell,1.671400,146.090000
10294770,1759266188198,sell,1.671400,48.120000
10294771,1759266188584,buy,1.671600,7.700000
10294772,1759266188965,sell,1.671400,142.000000
10294773,1759266189294,buy,1.671500,8442.590000
10294774,1759266189427,buy,1.671600,226.350000
10294775,1759266189778,buy,1.671600,222.000000
10294776,1759266189807,sell,1.671400,179.570000
10294777,1759266189838,buy,1.671600,265.170000
10294778,1759266190010,sell,1.671400,26.260000
10294779,1759266190120,buy,1.671600,14.880000
10294780,1759266190140,sell,1.671500,239.330000
10294781,1759266190368,sell,1.671100,172.940000
10294782,1759266190368,sell,1.671000,77.610000
10294783,1759266190446,sell,1.670900,5.000000
10294784,1759266190446,sell,1.670800,17.890000
10294785,1759266190502,buy,1.671000,2465.180000
10294786,1759266190508,sell,1.670800,31.560000
10294787,1759266190508,sell,1.670700,118.440000
10294788,1759266190848,sell,1.670800,25.730000
10294789,1759266191290,sell,1.671100,14.850000
10294790,1759266191327,buy,1.671150,5491.350000
10294791,1759266191639,buy,1.671300,12.330000
10294792,1759266191787,buy,1.671300,12.670000
10294793,1759266191787,buy,1.671600,355.960000
10294794,1759266192293,buy,1.671200,595.840000
10294795,1759266192627,sell,1.671300,4.500000
10294796,1759266192780,buy,1.671600,179.460000
10294797,1759266192889,sell,1.671400,3164.850000
10294798,1759266192895,sell,1.671300,3.200000
10294799,1759266192988,buy,1.671600,4143.990000
10294800,1759266193104,sell,1.671500,150.000000
10294801,1759266193312,buy,1.671600,908.590000
10294802,1759266193341,sell,1.671500,15.000000
10294803,1759266193567,sell,1.671540,8866.000000
10294804,1759266194118,buy,1.671800,89.750000
10294805,1759266194199,sell,1.671700,72.470000
10294806,1759266194591,sell,1.671600,24.430000
10294807,1759266194831,buy,1.671900,487.940000
10294808,1759266195068,sell,1.671800,23.890000
10294809,1759266195373,sell,1.671800,179.460000
10294810,1759266195614,sell,1.671300,24.550000
10294811,1759266195646,sell,1.671600,359.170000
10294812,1759266195813,buy,1.671800,14.960000
10294813,1759266196011,sell,1.671700,16.880000
10294814,1759266196147,buy,1.671900,222.000000
10294815,1759266196158,buy,1.672000,156.630000
10294816,1759266196510,sell,1.671800,167.970000
10294817,1759266196642,sell,1.671800,149.840000
10294818,1759266197234,sell,1.671800,200.000000
10294819,1759266197367,buy,1.671900,1186.000000
10294820,1759266197367,buy,1.672100,35.140000
10294821,1759266197367,buy,1.672200,94.070000
10294822,1759266197463,buy,1.672000,15437.560000
10294823,1759266197479,sell,1.671900,1244.460000
10294824,1759266198102,sell,1.672100,4.500000
10294825,1759266198263,buy,1.672200,3048.350000
10294826,1759266198822,sell,1.672200,5.000000
27611297,1759300060118,buy,1.584400,189.340000
27611298,1759300060118,buy,1.584400,589.200000
27611299,1759300060118,buy,1.584400,757.340000
27611300,1759300060119,buy,1.584400,4908.180000
27611301,1759300060119,buy,1.584400,504.830000
27611302,1759300060119,buy,1.584400,2224.360000
27611303,1759300060120,buy,1.584400,2221.550000
27611304,1759300060120,buy,1.584400,3868.070000
27611305,1759300060121,buy,1.584400,435.420000
27611306,1759300060121,buy,1.584500,3.780000
27611307,1759300060121,buy,1.584500,3.780000
27611308,1759300060121,buy,1.584500,3.780000
27611309,1759300060121,buy,1.584500,15.000000
27611310,1759300060121,buy,1.584600,3.780000
27611311,1759300060121,buy,1.584600,3.780000
27611312,1759300060121,buy,1.584800,30.130000
27611313,1759300060121,buy,1.584800,33.720000
27611314,1759300060121,buy,1.584900,35.260000
27611315,1759300060121,buy,1.585000,1600.000000
27611316,1759300060121,buy,1.585100,14.430000
27611317,1759300060121,buy,1.585100,14.040000
27611318,1759300060121,buy,1.585100,40.620000
27611319,1759300060165,buy,1.585400,12.780000
27611320,1759300060165,buy,1.585400,303.490000
27611321,1759300060357,buy,1.585500,22.610000
27611322,1759300060357,buy,1.585600,35.260000
27611323,1759300060357,buy,1.585700,132.130000
27611324,1759300060359,buy,1.585700,127.000000
27611325,1759300060360,buy,1.585700,28.000000
27611326,1759300060366,buy,1.585700,34.000000
27611327,1759300060385,buy,1.585700,63.000000
27611328,1759300060386,buy,1.585700,44.000000
27611329,1759300060387,buy,1.585700,63.000000
27611330,1759300060393,buy,1.585700,63.000000
27611331,1759300060396,buy,1.585700,44.000000
27611332,1759300060397,buy,1.585700,63.000000
27611333,1759300060398,buy,1.585700,44.000000
27611334,1759300060400,buy,1.585700,63.000000
27611335,1759300060402,buy,1.585700,8.490000
27611336,1759300060402,buy,1.585700,35.510000
27611337,1759300060405,buy,1.585700,741.110000
27611338,1759300060405,buy,1.585700,15.610000
27611339,1759300060406,buy,1.585700,756.720000
27611340,1759300060408,buy,1.585700,4.290000
27611341,1759300060408,buy,1.586000,12.250000
27611342,1759300060408,buy,1.586000,27.460000
27611343,1759300060416,buy,1.586000,44.000000
27611344,1759300060416,buy,1.586000,44.000000
27611345,1759300060420,buy,1.586000,44.000000
27611346,1759300060423,sell,1.585600,37.500000
27611347,1759300060425,buy,1.586000,44.000000
27611348,1759300060430,buy,1.586000,44.000000
27611349,1759300060430,buy,1.586000,44.000000
27611350,1759300060552,sell,1.585900,50.000000
27611351,1759300060557,sell,1.585900,512.890000
27611352,1759300060557,sell,1.585900,544.020000
27611353,1759300060736,buy,1.586000,182.310000
27611354,1759300060741,buy,1.586000,26.230000
27611355,1759300060741,buy,1.586000,110.510000
27611356,1759300060771,buy,1.586000,410.190000
27611357,1759300060945,sell,1.585900,6.310000
27611358,1759300060945,sell,1.585900,28.400000
27611359,1759300061043,buy,1.585900,124.780000
27611360,1759300061164,sell,1.585800,20.000000
27611361,1759300061164,sell,1.585800,10.000000
27611362,1759300062051,buy,1.585600,6.300000
27611363,1759300062051,buy,1.585800,220.650000
27611364,1759300062516,buy,1.586100,3.780000
27611365,1759300062516,buy,1.586100,3.780000
27611366,1759300062516,buy,1.586100,3.780000
27611367,1759300062516,buy,1.586200,3.780000
27611368,1759300062516,buy,1.586200,3.780000
27611369,1759300062516,buy,1.586200,30.130000
27611370,1759300062516,buy,1.586200,33.720000
27611371,1759300062516,buy,1.586200,20.000000
27611372,1759300062516,buy,1.586300,13.590000
27611373,1759300062570,buy,1.586300,21.670000
27611374,1759300062570,buy,1.586300,15.000000
27611375,1759300062570,buy,1.586300,23.590000
27611376,1759300062658,buy,1.586300,50.000000
27611377,1759300062794,buy,1.586300,134.870000
27611378,1759300062794,buy,1.586300,156.700000
27611379,1759300062794,buy,1.586300,5.810000
27611380,1759300062794,buy,1.586400,1262.760000
27611381,1759300062822,sell,1.586200,10.000000
27611382,1759300062862,sell,1.586300,15625.520000
27611383,1759300062894,buy,1.586300,120.000000
27611384,1759300063341,sell,1.586000,6.300000
27611385,1759300063341,sell,1.586000,93.700000
27611386,1759300063492,buy,1.586100,562.890000
27611387,1759300063492,buy,1.586100,650.550000
27611388,1759300063535,sell,1.586000,3.780000
27611389,1759300063535,sell,1.586000,3.780000
27611390,1759300063535,sell,1.585900,20.000000
27611391,1759300063535,sell,1.585900,10.000000
27611392,1759300063789,sell,1.585700,163.980000
27611393,1759300063792,sell,1.585700,40.230000
27611394,1759300063792,sell,1.585600,35.260000
27611395,1759300063872,sell,1.585500,30.130000
27611396,1759300063872,sell,1.585400,50.000000
10542923,1759300072402,sell,1.584700,38.470000
10542924,1759300072636,buy,1.584800,328.100000
10542925,1759300073230,buy,1.584900,29.730000
10542926,1759300073461,buy,1.584900,0.270000
10542927,1759300073461,buy,1.585100,34.430000
10542928,1759300073685,buy,1.585300,8.540000
10542929,1759300073964,sell,1.585000,3.780000
10542930,1759300074463,sell,1.584800,34.700000
10542931,1759300074569,buy,1.584900,820.080000
10542932,1759300074909,sell,1.584900,630.950000
10542933,1759300074909,sell,1.584800,393.710000
10542934,1759300074971,buy,1.584900,16.370000
10542935,1759300075264,buy,1.584900,25.380000
10542936,1759300075414,buy,1.584900,3.780000
10542937,1759300075733,sell,1.584800,34.660000
10542938,1759300076001,buy,1.584850,7347.750000
10542939,1759300076263,buy,1.584900,13.560000
10542940,1759300076507,sell,1.584800,473.240000
10542941,1759300076868,sell,1.584800,3312.680000
10542942,1759300076868,sell,1.584700,122.010000
10542943,1759300077030,buy,1.584900,34.700000
10542944,1759300077314,buy,1.584900,18.470000
10542945,1759300078107,sell,1.585000,3.780000
10542946,1759300078499,sell,1.584900,10.000000
10542947,1759300078499,sell,1.584700,224.700000
10542948,1759300078642,buy,1.584900,63.100000
10542949,1759300078663,buy,1.585000,111.630000
10542950,1759300078957,buy,1.585100,50.000000
10542951,1759300078957,buy,1.585300,18.780000
10542952,1759300078957,buy,1.585400,57.410000
10542953,1759300079622,sell,1.585300,3.470000
10542954,1759300079622,sell,1.585200,10.000000
10542955,1759300079622,sell,1.585100,18.070000
10542956,1759300079816,buy,1.585200,1338.940000
10542957,1759300079919,buy,1.585200,8.290000
10542958,1759300080312,buy,1.585400,8345.810000
10542959,1759300080350,buy,1.585500,34.690000
10542960,1759300080573,buy,1.585400,336.600000
10542961,1759300080748,sell,1.585300,20.000000
10542962,1759300080903,buy,1.585500,24.310000
10542963,1759300081191,buy,1.585500,407.980000
10542964,1759300081880,sell,1.585400,3100.150000
10542965,1759300082002,sell,1.585400,138.960000
10542966,1759300082022,buy,1.585500,10.000000
10542967,1759300082022,buy,1.585600,35.260000
10542968,1759300082427,buy,1.585600,488.490000
10542969,1759300082488,sell,1.585500,38.570000
10542970,1759300082524,buy,1.585600,6.300000
10542971,1759300082524,buy,1.585700,30.000000
10542972,1759300082524,buy,1.586000,963.590000
10542973,1759300082756,sell,1.586100,4645.130000
10542974,1759300082756,sell,1.585900,216.280000
10542975,1759300083055,buy,1.586200,63.850000
10542976,1759300083092,buy,1.586300,22.820000
10542977,1759300083359,buy,1.586300,20.000000
10542978,1759300083359,buy,1.586400,25.180000
10542979,1759300084101,buy,1.586400,3.700000
10542980,1759300084374,buy,1.586400,7553.730000
10542981,1759300084468,buy,1.586500,5.870000
10542982,1759300084468,buy,1.586600,2237.350000
10542983,1759300084470,buy,1.586700,15.110000
10542984,1759300084709,buy,1.586800,78.440000
10542985,1759300084949,buy,1.586900,66.230000
10542986,1759300085058,sell,1.586900,2908.930000
10542987,1759300085219,buy,1.587000,207.660000
10542988,1759300085219,buy,1.587100,400.270000
10542989,1759300085285,buy,1.587200,534.930000
10542990,1759300085669,sell,1.587200,34.680000
10542991,1759300086095,sell,1.587200,6.300000
10542992,1759300086095,sell,1.587100,10.000000
10542993,1759300086095,sell,1.587000,183.700000
10542994,1759300086165,sell,1.587100,5285.900000
10542995,1759300086199,sell,1.587000,20.000000
10542996,1759300086199,sell,1.586900,464.490000
10542997,1759300086199,sell,1.586800,641.590000
10542998,1759300086199,sell,1.586700,1600.000000
10542999,1759300086199,sell,1.586500,493.910000
10543000,1759300086200,sell,1.586400,1013.270000
10543001,1759300086546,buy,1.586400,50.000000
10543002,1759300086832,buy,1.586500,1974.160000
10543003,1759300086832,buy,1.586600,5.200000
10543004,1759300087720,sell,1.586500,163.900000
10543005,1759300087757,buy,1.586350,3646.860000
10543006,1759300087759,buy,1.586400,34.660000
10543007,1759300087821,sell,1.586300,2297.050000
10543008,1759300087823,sell,1.586200,30.130000
10543009,1759300087823,sell,1.586100,15.000000
10543010,1759300088218,sell,1.585600,42.820000
10543011,1759300088218,sell,1.585500,30.130000
10543012,1759300088218,sell,1.585400,37.820000
10543013,1759300088218,sell,1.585300,204.230000
10543014,1759300088251,buy,1.585500,33.050000
10543015,1759300088371,buy,1.585500,17.690000
10543016,1759300088371,buy,1.585600,851.710000
10543017,1759300088577,sell,1.585600,630.670000
10543018,1759300088577,sell,1.585500,3363.390000
10543019,1759300088825,sell,1.585500,6.300000
10543020,1759300089006,buy,1.585400,30.000000
10543021,1759300089026,sell,1.585300,34.660000
10543022,1759300089554,sell,1.585350,5929.230000
10543023,1759300090284,sell,1.585300,1443.300000
10543024,1759300090543,buy,1.585400,218.150000
10543025,1759300090663,sell,1.585300,462.000000
10543026,1759300090792,sell,1.585300,372.830000
10543027,1759300090962,sell,1.585300,63.070000
10543028,1759300090993,buy,1.585400,406.940000
10543029,1759300091096,buy,1.585400,1040.000000
10543030,1759300091240,sell,1.585300,1955.720000
10543031,1759300091320,buy,1.585400,8.000000
10543032,1759300091717,buy,1.585500,40.570000
10543033,1759300091717,buy,1.585600,3059.960000
10543034,1759300092352,sell,1.585300,3349.590000
10543035,1759300092414,sell,1.585200,30.000000
10543036,1759300092416,sell,1.585100,258.350000
10543037,1759300092419,sell,1.585000,14.300000
10543038,1759300092419,sell,1.584900,35.260000
10543039,1759300092419,sell,1.584800,63.850000
10543040,1759300092419,sell,1.584700,15.000000
10543041,1759300092571,sell,1.585000,244.800000
10543042,1759300092851,buy,1.585000,5898.200000
10543043,1759300093128,sell,1.584900,6.300000
10543044,1759300093128,sell,1.584800,3.780000
10543045,1759300093128,sell,1.584700,1.920000
10543046,1759300093680,buy,1.584900,15.000000
10543047,1759300093680,buy,1.585000,313.070000
10543048,1759300093689,buy,1.585100,3.780000
10543049,1759300093999,sell,1.585200,20.000000
10543050,1759300094673,sell,1.585200,30.720000
10543051,1759300094709,buy,1.585300,34.700000
10543052,1759300095102,sell,1.585300,196.210000
10543053,1759300095705,sell,1.585300,24.310000
10543054,1759300095811,sell,1.585350,4424.750000
10543055,1759300095927,sell,1.585300,10.910000
10543056,1759300096074,buy,1.585400,5421.860000
10543057,1759300096083,buy,1.585500,60.130000
10543058,1759300096083,buy,1.585600,100.260000
10543059,1759300096083,buy,1.585700,2230.630000
10543060,1759300096170,sell,1.585800,31.160000
10543061,1759300096320,buy,1.585900,37.000000
10543062,1759300096433,sell,1.585800,34.700000
10543063,1759300097065,buy,1.585900,2956.390000
10543064,1759300097200,sell,1.585800,100.000000
10543065,1759300097883,sell,1.585800,2543.180000
10543066,1759300097889,sell,1.585700,30.000000
10543067,1759300097890,sell,1.585600,7.560000
10543068,1759300097890,sell,1.585300,11778.230000
10543069,1759300097943,sell,1.585400,82.610000
10543070,1759300098048,buy,1.585450,11623.460000
10543071,1759300099313,buy,1.585700,6.300000
10543072,1759300099313,buy,1.585800,28.380000
10543073,1759300099477,buy,1.585800,1.620000
10543074,1759300099477,buy,1.585900,7.560000
10543075,1759300099589,buy,1.586000,50.000000
10543076,1759300099589,buy,1.586100,7.560000
10543077,1759300099759,buy,1.586200,61.090000
10543078,1759300100007,buy,1.586200,2.760000
10543079,1759300100007,buy,1.586300,6.930000
10543080,1759300100250,buy,1.586300,390.040000
10543081,1759300100277,buy,1.586400,28.470000
10543082,1759300100558,sell,1.586500,43.000000
10543083,1759300100674,sell,1.586500,34.680000
10543084,1759300100683,buy,1.586700,21.630000
10543085,1759300100683,buy,1.586800,78.440000
10543086,1759300100683,buy,1.586900,94.010000
10543087,1759300101079,buy,1.586700,49.960000
10543088,1759300101251,sell,1.586500,6.300000
10543089,1759300101251,sell,1.586400,93.700000
10543090,1759300101318,sell,1.586650,20483.190000
10543091,1759300101520,sell,1.586700,1213.440000
10543092,1759300101582,buy,1.586900,36.430000
10543093,1759300101582,buy,1.587000,35.260000
10543094,1759300101582,buy,1.587200,3.780000
10543095,1759300101582,buy,1.587300,316.340000
10543096,1759300101803,buy,1.587400,7.000000
10543097,1759300101806,sell,1.587300,9.000000
10543098,1759300102033,sell,1.587300,200.000000
10543099,1759300102150,sell,1.587300,1500.000000
10543100,1759300102882,sell,1.587200,30.000000
10543101,1759300103007,buy,1.587200,34.650000
10543102,1759300103103,sell,1.587100,3.780000
10543103,1759300103114,sell,1.586600,106.300000
10543104,1759300104014,buy,1.586800,6.300000
10543105,1759300104014,buy,1.586900,16.980000
10543106,1759300104318,buy,1.586900,13.020000
10543107,1759300104318,buy,1.587100,630.080000
10543108,1759300104318,buy,1.587200,169.520000
10543109,1759300104318,buy,1.587300,1697.350000
10543110,1759300104324,buy,1.587400,1299.750000
10543111,1759300104845,sell,1.587100,34.650000
10543112,1759300104888,buy,1.587200,927.970000
10543113,1759300105406,sell,1.587100,170.140000
10543114,1759300105413,sell,1.587000,1591.530000
10543115,1759300105456,sell,1.586800,557.450000
10543116,1759300105461,sell,1.586600,73.120000
10543117,1759300105461,sell,1.586500,942.200000
10543118,1759300105462,sell,1.586300,1160.010000
10543119,1759300105632,buy,1.586450,9527.360000
10543120,1759300105729,buy,1.586500,204.100000
10543121,1759300105948,sell,1.586200,163.930000
10543122,1759300106036,sell,1.586100,11.340000
10543123,1759300106047,sell,1.586200,353.110000
10543124,1759300106290,sell,1.585900,22.560000
10543125,1759300106290,sell,1.585600,39.040000
10543126,1759300106293,sell,1.585500,1262.090000
10543127,1759300106691,buy,1.585600,3.780000
10543128,1759300106811,buy,1.585600,2.520000
10543129,1759300106811,buy,1.586000,9.480000
10543130,1759300106831,sell,1.585500,8.000000
10543131,1759300107123,buy,1.585900,3.780000
10543132,1759300107170,sell,1.585700,642.080000
10543133,1759300107223,buy,1.585900,39.740000
10543134,1759300107289,buy,1.585850,24766.740000
10543135,1759300107471,buy,1.585900,34.660000
10543136,1759300108124,buy,1.585900,1445.730000
10543137,1759300108763,buy,1.586000,630.510000
10543138,1759300108763,buy,1.586100,1701.380000
10543139,1759300109035,sell,1.586000,13.690000
10543140,1759300109035,sell,1.585900,6.300000
10543141,1759300109035,sell,1.585800,14.670000
10543142,1759300109772,sell,1.586000,3.780000
10543143,1759300110101,sell,1.586000,388.650000
10543144,1759300110108,buy,1.586100,6.300000
10543145,1759300110108,buy,1.586200,1493.700000
10543146,1759300110505,sell,1.586100,200.000000
10543147,1759300110995,buy,1.586200,315.220000
10543148,1759300111074,sell,1.586000,3.780000
10543149,1759300111277,buy,1.586200,34.680000
10543150,1759300111536,sell,1.586150,12457.960000
10543151,1759300111829,buy,1.586200,8.000000
10543152,1759300111832,sell,1.586100,11.000000
10543153,1759300112663,sell,1.586100,34.680000
10543154,1759300112852,sell,1.586100,772.380000
10543155,1759300112968,sell,1.586100,283.500000
10543156,1759300113097,buy,1.586200,3.400000
10543157,1759300113157,sell,1.586100,9.690000
10543158,1759300113257,buy,1.586200,294.980000
10543159,1759300113579,buy,1.586100,434.320000
10543160,1759300113761,buy,1.586200,491.720000
10543161,1759300113967,buy,1.586300,35.260000
10543162,1759300113967,buy,1.586400,21.250000
10543163,1759300113968,buy,1.586700,4250.790000
10543164,1759300114249,buy,1.586800,804.660000
10543165,1759300114434,sell,1.586850,21088.080000
10543166,1759300114552,sell,1.586700,50.000000
10543167,1759300114720,sell,1.586800,163.870000
10543168,1759300114965,sell,1.586800,448.820000
10543169,1759300115157,buy,1.586400,34.670000
10543170,1759300115417,buy,1.586400,20.000000
10543171,1759300115670,sell,1.586300,148.390000
10543172,1759300116673,sell,1.586300,160.710000
10543173,1759300117199,buy,1.586400,21.300000
10543174,1759300117199,buy,1.586500,132.180000
10543175,1759300117305,buy,1.586800,50.000000
10543176,1759300117468,buy,1.586800,63.040000
10543177,1759300117613,buy,1.586800,957.830000
10543178,1759300117921,sell,1.586600,29.850000
10543179,1759300118069,buy,1.586700,16245.740000
10543180,1759300118363,buy,1.586800,1381.720000
10543181,1759300118707,sell,1.586700,44.750000
10543182,1759300119005,buy,1.586800,34.660000
10543183,1759300119369,buy,1.586800,34.660000
10543184,1759300119580,sell,1.586700,44.750000
10543185,1759300119621,buy,1.586800,34.660000
10543186,1759300120004,sell,1.586700,68.100000
10543187,1759300120007,sell,1.586600,20.000000
10543188,1759300120007,sell,1.586500,10.000000
10543189,1759300120007,sell,1.586300,2259.080000
10543190,1759300120195,buy,1.586500,1228.730000
10543191,1759300120284,sell,1.586400,3.780000
10543192,1759300120731,sell,1.586500,103.980000
10543193,1759300120771,buy,1.586600,20.000000
10543194,1759300120896,buy,1.586900,24.630000
10543195,1759300121283,buy,1.586900,534.450000
10543196,1759300121458,sell,1.586950,7231.210000
10543197,1759300122487,buy,1.587000,35.260000
10543198,1759300122487,buy,1.587100,10.000000
10543199,1759300122487,buy,1.587300,377.480000
10543200,1759300122683,buy,1.587150,26548.610000
10543201,1759300122729,sell,1.587000,6.300000
10543202,1759300122729,sell,1.586900,34.660000
10543203,1759300123545,buy,1.587300,6.300000
10543204,1759300123545,buy,1.587400,87.240000
10543205,1759300123931,sell,1.587300,1979.360000
10543206,1759300124388,buy,1.587400,80.820000
10543207,1759300125051,sell,1.587300,124.780000
10543208,1759300127522,sell,1.587200,80.820000
10543209,1759300127599,buy,1.587300,163.790000
10543210,1759300127615,sell,1.587250,9592.400000
10543211,1759300127824,sell,1.587400,7.320000
10543212,1759300128262,sell,1.587400,6.300000
10543213,1759300128262,sell,1.587300,157.510000
10543214,1759300128510,sell,1.587100,94.490000
10543215,1759300128532,buy,1.587200,2203.620000
10543216,1759300128700,buy,1.587200,125.940000
10543217,1759300128967,sell,1.587100,9.670000
10543218,1759300129073,sell,1.587100,629.950000
10543219,1759300130031,sell,1.587100,200.000000
10543220,1759300130489,sell,1.587100,2192.860000
10543221,1759300130616,sell,1.587000,33.780000
10543222,1759300131050,sell,1.586600,33.050000
10543223,1759300131292,sell,1.586500,82.690000
10543224,1759300131545,buy,1.586700,15.000000
10543225,1759300131935,buy,1.586700,6.300000
10543226,1759300131935,buy,1.586800,25.960000
10543227,1759300132052,sell,1.586750,18222.950000
10543228,1759300132126,buy,1.586800,4.040000
10543229,1759300132126,buy,1.586900,78.650000
10543230,1759300132277,buy,1.586900,483.950000
10543231,1759300132277,buy,1.587000,1286.490000
10543232,1759300132277,buy,1.587100,670.730000
10543233,1759300132976,sell,1.587100,5740.870000
10543234,1759300133033,sell,1.586500,1414.510000
10543235,1759300133033,sell,1.587100,3237.710000
10543236,1759300133300,buy,1.586400,10.000000
10543237,1759300134039,sell,1.586300,4224.990000
10543238,1759300134041,sell,1.586200,100.130000
10543239,1759300134041,sell,1.586100,13129.580000
10543240,1759300134050,sell,1.586000,7.560000
10543241,1759300134050,sell,1.585900,53.300000
10543242,1759300134473,sell,1.585800,415.000000
10543243,1759300134794,sell,1.585800,120.000000
10543244,1759300135054,sell,1.585800,18.700000
10543245,1759300135185,buy,1.585900,1864.580000
10543246,1759300135517,buy,1.585900,680.980000
10543247,1759300135761,buy,1.586100,30.000000
10543248,1759300136010,buy,1.586200,19.980000
10543249,1759300136010,buy,1.586300,3.780000
10543250,1759300136010,buy,1.586400,3.780000
10543251,1759300136010,buy,1.586500,36.950000
10543252,1759300136010,buy,1.586700,1097.990000
10543253,1759300136106,buy,1.586800,34.680000
10543254,1759300136297,buy,1.586800,140.830000
10543255,1759300136300,buy,1.586900,894.460000
10543256,1759300136543,sell,1.586800,189.140000
10543257,1759300136669,buy,1.586900,30.130000
10543258,1759300136669,buy,1.587000,35.260000
10543259,1759300136671,buy,1.587100,8236.520000
27882162,1759311925370,sell,1.720700,298.460000
27882163,1759311925503,sell,1.720700,11.470000
27882164,1759311925755,buy,1.720800,11.620000
27882165,1759311925755,buy,1.720800,11.620000
27882166,1759311925755,buy,1.720800,2107.070000
27882167,1759311925755,buy,1.720800,2133.590000
27882168,1759311925755,buy,1.720800,2772.760000
27882169,1759311925772,buy,1.720800,6.480000
27882170,1759311925772,buy,1.720900,10.000000
27882171,1759311926303,sell,1.721200,8.720000
27882172,1759311926376,sell,1.721200,11.620000
27882173,1759311926376,sell,1.721200,279.870000
27882174,1759311926549,sell,1.721200,11.620000
27882175,1759311926549,sell,1.721000,104.570000
27882176,1759311926549,sell,1.720900,174.270000
27882177,1759311926852,sell,1.721100,2106.250000
27882178,1759311926852,sell,1.721100,11.620000
27882179,1759311926852,sell,1.721100,1758.940000
27882180,1759311926852,sell,1.721000,581.050000
27882181,1759311926852,sell,1.720900,250.200000
27882182,1759311927309,sell,1.721000,560.860000
27882183,1759311927309,sell,1.721000,215.360000
27882184,1759311927309,sell,1.721000,11.620000
27882185,1759311927309,sell,1.721000,896.090000
27882186,1759311927434,sell,1.721050,32271.230000
27882187,1759311927619,buy,1.721100,1234.260000
27882188,1759311927665,buy,1.721100,116.200000
27882189,1759311927665,buy,1.721100,11.620000
27882190,1759311927665,buy,1.721100,1333.480000
27882191,1759311927677,sell,1.721000,11.620000
27882192,1759311927677,sell,1.721000,336.970000
27882193,1759311927711,buy,1.721200,5.230000
27882194,1759311928318,buy,1.721100,11.620000
27882195,1759311928318,buy,1.721100,139.440000
27882196,1759311928321,buy,1.721100,151.050000
27882197,1759311928321,buy,1.721100,151.060000
27882198,1759311928502,buy,1.721100,6.240000
27882199,1759311928652,sell,1.721000,11.620000
27882200,1759311928652,sell,1.721000,69.720000
27882201,1759311928652,sell,1.720900,10.000000
27882202,1759311928652,sell,1.720800,104.580000
27882203,1759311928652,sell,1.720700,137.150000
27882204,1759311929259,sell,1.720800,1538.890000
27882205,1759311929352,sell,1.721000,164.360000
27882206,1759311929352,sell,1.721000,581.050000
27882207,1759311929352,sell,1.721000,432.650000
27882208,1759311929352,sell,1.721000,1222.990000
27882209,1759311929352,sell,1.720800,512.920000
27882210,1759311930851,buy,1.721050,25426.020000
27882211,1759311930868,sell,1.721000,11.620000
27882212,1759311930868,sell,1.721000,3.480000
27882213,1759311930868,sell,1.721000,3.480000
27882214,1759311930868,sell,1.720800,104.590000
27882215,1759311930868,sell,1.720500,478.150000
27882216,1759311930868,sell,1.720500,478.010000
27882217,1759311930868,sell,1.720500,478.120000
27882218,1759311930868,sell,1.720400,7.070000
27882219,1759311930868,sell,1.720400,1369.410000
27882220,1759311931271,buy,1.720700,131.570000
27882221,1759311931326,buy,1.720700,116.230000
27882222,1759311931326,buy,1.720700,10.520000
27882223,1759311931326,buy,1.720700,24.350000
27882224,1759311931327,buy,1.720700,464.910000
27882225,1759311931327,buy,1.720700,151.100000
27882226,1759311931327,buy,1.720700,34.390000
27882227,1759311931327,buy,1.720700,139.950000
27882228,1759311931328,buy,1.720700,174.340000
27882229,1759311931328,buy,1.720700,151.100000
27882230,1759311931329,buy,1.720700,115.760000
27882231,1759311931329,buy,1.720800,58.580000
27882232,1759311932142,sell,1.721000,5.000000
27882233,1759311932234,sell,1.721000,3.480000
27882234,1759311932234,sell,1.721000,10.520000
27882235,1759311932234,sell,1.721000,3.480000
27882236,1759311932234,sell,1.721000,3.480000
27882237,1759311932234,sell,1.721000,3.480000
27882238,1759311932234,sell,1.721000,3.480000
27882239,1759311932234,sell,1.721000,3.480000
27882240,1759311932234,sell,1.721000,3.480000
27882241,1759311932234,sell,1.721000,3.480000
27882242,1759311932234,sell,1.721000,3.480000
27882243,1759311932234,sell,1.721000,3.480000
27882244,1759311932234,sell,1.721000,3.480000
27882245,1759311932234,sell,1.721000,3.480000
27882246,1759311932234,sell,1.721000,11.620000
27882247,1759311932234,sell,1.720900,581.090000
27882248,1759311932234,sell,1.720900,389.600000
27882249,1759311932234,sell,1.720900,417.370000
27882250,1759311932545,buy,1.720700,3.480000
27882251,1759311932546,buy,1.720700,3.480000
27882252,1759311932548,buy,1.720700,3.480000
27882253,1759311932557,buy,1.720700,3.480000
27882254,1759311932561,buy,1.720700,3.480000
27882255,1759311932562,buy,1.720700,3.480000
27882256,1759311932567,buy,1.720700,3.480000
27882257,1759311932568,buy,1.720700,3.480000
27882258,1759311932833,buy,1.720500,10.520000
27882259,1759311932833,buy,1.720600,10.520000
27882260,1759311932833,buy,1.720600,116.230000
27882261,1759311932833,buy,1.720700,211.400000
10648507,1759311941517,sell,1.720500,34.180000
10648508,1759311941862,buy,1.720700,138.350000
10648509,1759311941862,buy,1.720800,176.780000
10648510,1759311941920,buy,1.720740,34346.500000
10648511,1759311941936,sell,1.720700,10.520000
10648512,1759311941936,sell,1.720600,32.910000
10648513,1759311941936,sell,1.720500,270.160000
10648514,1759311942005,sell,1.720600,11.610000
10648515,1759311942005,sell,1.720500,425.570000
10648516,1759311942114,sell,1.720600,14.520000
10648517,1759311942294,buy,1.720700,10.520000
10648518,1759311942294,buy,1.720800,10.000000
10648519,1759311942294,buy,1.720900,9102.430000
10648520,1759311942326,buy,1.721000,2110.810000
10648521,1759311942331,buy,1.721400,4900.910000
10648522,1759311942337,buy,1.721600,116.790000
10648523,1759311942368,buy,1.721700,92.070000
10648524,1759311942373,buy,1.721800,233.830000
10648525,1759311942544,sell,1.721800,291.900000
10648526,1759311942565,buy,1.721900,89.230000
10648527,1759311942565,buy,1.722000,758.770000
10648528,1759311942698,sell,1.721800,22.100000
10648529,1759311942704,buy,1.721900,2128.100000
10648530,1759311943533,buy,1.721900,18.610000
10648531,1759311943533,buy,1.722000,99.820000
10648532,1759311943545,sell,1.721800,348.670000
10648533,1759311943945,buy,1.722000,692.140000
10648534,1759311944255,buy,1.722000,277.270000
10648535,1759311944297,sell,1.721900,753.600000
10648536,1759311944578,buy,1.722000,2913.340000
10648537,1759311944587,buy,1.722100,1049.580000
10648538,1759311944594,buy,1.722200,182.140000
10648539,1759311944596,buy,1.722000,1678.150000
10648540,1759311944596,buy,1.722200,221.780000
10648541,1759311944596,buy,1.722300,236.510000
10648542,1759311944756,sell,1.722200,7.960000
10648543,1759311944929,buy,1.722300,112.080000
10648544,1759311944929,buy,1.722400,287.920000
10648545,1759311945496,sell,1.722350,19883.640000
10648546,1759311945714,buy,1.722400,731.150000
10648547,1759311945840,buy,1.722400,645.280000
10648548,1759311945842,buy,1.722500,84.500000
10648549,1759311945842,buy,1.722600,185.040000
10648550,1759311945884,buy,1.722700,35.440000
10648551,1759311945884,buy,1.722800,896.240000
10648552,1759311945884,buy,1.722900,25.710000
10648553,1759311945884,sell,1.722500,1641.170000
10648554,1759311946571,buy,1.722900,11.610000
10648555,1759311946571,buy,1.723000,55.920000
10648556,1759311946672,buy,1.723000,1561.310000
10648557,1759311946679,buy,1.723100,798.870000
10648558,1759311946688,buy,1.723200,417.150000
10648559,1759311947239,buy,1.723200,522.270000
10648560,1759311947371,buy,1.723200,324.600000
10648561,1759311947374,buy,1.723300,190.950000
10648562,1759311947480,buy,1.723300,456.830000
10648563,1759311947480,buy,1.723400,51.650000
10648564,1759311947481,buy,1.723500,686.690000
10648565,1759311947789,buy,1.723500,100.000000
10648566,1759311948003,sell,1.723400,692.140000
10648567,1759311948032,buy,1.723500,66.270000
10648568,1759311948212,buy,1.723500,100.000000
10648569,1759311948335,buy,1.723500,14.480000
10648570,1759311948335,buy,1.723600,172.200000
10648571,1759311948436,buy,1.723700,120.810000
10648572,1759311948522,buy,1.723800,12.490000
10648573,1759311948522,buy,1.723900,240.090000
10648574,1759311948546,buy,1.724000,230.750000
10648575,1759311948664,buy,1.724000,703.390000
10648576,1759311948779,buy,1.724000,348.350000
10648577,1759311948816,sell,1.723900,8.000000
10648578,1759311948882,buy,1.724000,104.020000
10648579,1759311949032,buy,1.724000,460.990000
10648580,1759311949306,sell,1.723900,169.370000
10648581,1759311949306,sell,1.723700,104.410000
10648582,1759311949558,buy,1.723750,17199.920000
10648583,1759311949592,buy,1.723800,18.380000
10648584,1759311949682,sell,1.723700,400.000000
10648585,1759311949713,buy,1.724000,1032.220000
10648586,1759311949713,buy,1.724100,70.530000
10648587,1759311950019,sell,1.723900,48.700000
10648588,1759311950026,sell,1.723700,104.410000
10648589,1759311950040,sell,1.723600,1534.460000
10648590,1759311950042,sell,1.723400,2480.240000
10648591,1759311950048,sell,1.723100,7.070000
10648592,1759311950285,sell,1.723000,2147.920000
10648593,1759311950333,buy,1.723100,10.000000
10648594,1759311950460,buy,1.722900,1500.000000
10648595,1759311950800,buy,1.722900,63.860000
10648596,1759311951030,buy,1.722900,127.690000
10648597,1759311951030,buy,1.723100,1050.070000
10648598,1759311951030,sell,1.722800,52.750000
10648599,1759311951094,buy,1.722900,150.900000
10648600,1759311951139,buy,1.723300,1136.800000
10648601,1759311951139,buy,1.723500,2108.640000
10648602,1759311951180,sell,1.723400,12.930000
10648603,1759311951191,buy,1.723500,5203.800000
10648604,1759311951194,buy,1.723700,609.030000
10648605,1759311951194,buy,1.723800,7.070000
10648606,1759311951261,buy,1.724100,17.040000
10648607,1759311951261,buy,1.724200,4159.730000
10648608,1759311951261,buy,1.724300,230.740000
10648609,1759311951308,sell,1.724000,2902.080000
10648610,1759311951431,buy,1.724100,11.600000
10648611,1759311951431,buy,1.724300,707.930000
10648612,1759311951431,buy,1.724400,822.810000
10648613,1759311951431,buy,1.724500,162.910000
10648614,1759311951432,buy,1.724600,388.000000
10648615,1759311951938,buy,1.724400,7.430000
10648616,1759311952149,sell,1.724300,66.730000
10648617,1759311952300,buy,1.724400,11.600000
10648618,1759311952300,buy,1.724500,10.000000
10648619,1759311952301,buy,1.724600,129.160000
10648620,1759311952350,sell,1.724550,46913.630000
10648621,1759311952724,buy,1.724600,8.000000
10648622,1759311952729,sell,1.724500,10.000000
10648623,1759311952733,buy,1.724600,17.410000
10648624,1759311953094,buy,1.724600,171.590000
10648625,1759311953317,buy,1.724600,481.890000
10648626,1759311953317,buy,1.724700,417.560000
10648627,1759311953357,buy,1.724800,1305.250000
10648628,1759311953466,sell,1.724700,400.000000
10648629,1759311953571,sell,1.724700,8.960000
10648630,1759311953728,sell,1.724700,3.500000
10648631,1759311953860,buy,1.724800,218.500000
10648632,1759311953860,buy,1.724900,1091.720000
10648633,1759311953964,sell,1.724900,7.390000
10648634,1759311954219,buy,1.725000,400.000000
10648635,1759311954431,buy,1.725000,2673.750000
10648636,1759311954739,buy,1.725000,629.750000
10648637,1759311955017,buy,1.725100,4665.090000
10648638,1759311955050,buy,1.725200,43.790000
10648639,1759311955105,sell,1.725200,277.980000
10648640,1759311955148,buy,1.725300,41.850000
10648641,1759311955148,buy,1.725400,1428.500000
10648642,1759311955149,buy,1.725500,173.670000
10648643,1759311955150,buy,1.725600,53.120000
10648644,1759311955150,buy,1.725700,327.070000
10648645,1759311955151,buy,1.725800,134.510000
10648646,1759311955151,sell,1.725200,232.700000
10648647,1759311955152,buy,1.725900,863.300000
10648648,1759311955153,buy,1.726000,897.710000
10648649,1759311955159,buy,1.726100,571.840000
10648650,1759311955180,buy,1.726000,452.070000
10648651,1759311955184,buy,1.726100,846.660000
10648652,1759311955389,buy,1.726100,3918.580000
10648653,1759311955389,buy,1.726200,451.360000
10648654,1759311955389,buy,1.726300,223.980000
10648655,1759311955389,buy,1.726400,619.480000
10648656,1759311955391,buy,1.726500,135.360000
10648657,1759311955391,buy,1.726600,660.110000
10648658,1759311955416,buy,1.726700,586.760000
10648659,1759311955632,sell,1.726600,292.790000
10648660,1759311956041,buy,1.726700,181.170000
10648661,1759311956041,sell,1.726600,957.090000
10648662,1759311956078,buy,1.726700,258.240000
10648663,1759311956078,buy,1.726800,2739.550000
10648664,1759311956079,buy,1.726900,852.090000
10648665,1759311956420,sell,1.726600,400.000000
10648666,1759311956461,buy,1.726650,75605.670000
10648667,1759311956480,sell,1.726600,1493.810000
10648668,1759311956556,sell,1.726500,3406.190000
10648669,1759311956622,buy,1.726700,11.580000
10648670,1759311956622,buy,1.726900,948.150000
10648671,1759311956860,sell,1.726800,579.440000
10648672,1759311957068,buy,1.726900,2170.440000
10648673,1759311957074,buy,1.727000,1755.820000
10648674,1759311957076,buy,1.727100,229.920000
10648675,1759311957076,buy,1.727200,1408.670000
10648676,1759311957078,buy,1.727300,671.570000
10648677,1759311957079,buy,1.727400,145.670000
10648678,1759311957220,buy,1.727300,30.000000
10648679,1759311957220,buy,1.727400,19.760000
10648680,1759311957220,buy,1.727500,132.440000
10648681,1759311957346,sell,1.727200,5.000000
10648682,1759311957471,buy,1.727500,400.000000
10648683,1759311957587,buy,1.727500,8530.250000
10648684,1759311957641,buy,1.727600,149.370000
10648685,1759311957929,buy,1.727600,2928.760000
10648686,1759311958032,buy,1.727600,3869.430000
10648687,1759311958090,buy,1.727700,148.760000
10648688,1759311958090,buy,1.727800,1692.680000
10648689,1759311958093,buy,1.727900,10.110000
10648690,1759311958096,sell,1.727600,8.000000
10648691,1759311958103,buy,1.727900,8.180000
10648692,1759311958106,sell,1.727700,60.000000
10648693,1759311958107,buy,1.727900,8.390000
10648694,1759311958108,buy,1.728000,779.300000
10648695,1759311958222,buy,1.728000,335.560000
10648696,1759311958253,buy,1.728100,292.970000
10648697,1759311958255,buy,1.728200,62.790000
10648698,1759311958267,buy,1.728300,139.100000
10648699,1759311958269,buy,1.728400,499.900000
10648700,1759311958403,buy,1.728400,304.770000
10648701,1759311958451,sell,1.728300,1531.640000
10648702,1759311958512,buy,1.728400,643.980000
10648703,1759311958658,sell,1.728300,146.140000
10648704,1759311958680,buy,1.728400,626.610000
10648705,1759311958735,sell,1.728300,43.690000
10648706,1759311958755,buy,1.728400,213.600000
10648707,1759311958777,sell,1.728300,3.600000
10648708,1759311958781,buy,1.728400,475.030000
10648709,1759311958801,sell,1.728300,4.020000
10648710,1759311958924,buy,1.728400,31.040000
10648711,1759311958966,sell,1.728300,1500.000000
10648712,1759311959013,buy,1.728400,1699.690000
10648713,1759311959034,sell,1.728300,111.610000
10648714,1759311959034,sell,1.728200,16.940000
10648715,1759311959034,sell,1.728000,863.630000
10648716,1759311959054,buy,1.728300,473.890000
10648717,1759311959083,buy,1.728400,2634.370000
10648718,1759311959085,sell,1.728000,60.170000
10648719,1759311959112,buy,1.728400,6.170000
10648720,1759311959148,buy,1.728300,1827.700000
10648721,1759311959148,buy,1.728400,190.600000
10648722,1759311959153,sell,1.728000,529.000000
10648723,1759311959497,sell,1.728100,451.420000
10648724,1759311959534,buy,1.728100,289.430000
10648725,1759311959537,sell,1.728000,700.000000
10648726,1759311959612,buy,1.728200,3.520000
10648727,1759311959628,sell,1.728000,1000.000000
10648728,1759311959768,sell,1.727900,348.350000
10648729,1759311959927,sell,1.727900,6.570000
10648730,1759311959941,buy,1.728000,11.570000
10648731,1759311959941,buy,1.728200,115.730000
10648732,1759311959941,buy,1.728300,3.470000
10648733,1759311959941,buy,1.728400,245.350000
10648734,1759311960026,buy,1.728200,2094.440000
10648735,1759311960026,buy,1.728300,1600.000000
10648736,1759311960030,sell,1.728000,400.000000
10648737,1759311960037,buy,1.728100,17537.810000
10648738,1759311960037,buy,1.728300,2791.300000
10648739,1759311960037,buy,1.728400,473.920000
10648740,1759311960037,buy,1.728500,722.400000
10648741,1759311960037,sell,1.728000,11.680000
10648742,1759311960076,buy,1.728100,451.340000
10648743,1759311960168,sell,1.728000,8.000000
10648744,1759311960278,sell,1.728000,240.050000
10648745,1759311960480,buy,1.728100,159.060000
10648746,1759311960480,buy,1.728300,1062.190000
10648747,1759311960480,buy,1.728400,477.370000
10648748,1759311960482,buy,1.728500,431.360000
10648749,1759311960507,buy,1.728100,483.700000
10648750,1759311960672,buy,1.728100,100.000000
10648751,1759311961013,sell,1.728000,158.540000
10648752,1759311961032,sell,1.727900,10.000000
10648753,1759311961039,sell,1.728000,11.570000
10648754,1759311961066,sell,1.727800,2876.140000
10648755,1759311961066,sell,1.727700,28.890000
10648756,1759311961111,sell,1.727400,200.000000
10648757,1759311961310,sell,1.727550,12856.310000
10648758,1759311961347,sell,1.727500,16.510000
10648759,1759311961512,sell,1.727500,11.580000
10648760,1759311961512,sell,1.727400,55.000000
10648761,1759311961512,sell,1.727300,83.950000
10648762,1759311961522,buy,1.727500,3876.440000
10648763,1759311961543,sell,1.727100,2360.130000
10648764,1759311961543,sell,1.727000,248.640000
10648765,1759311962028,buy,1.727200,15.000000
10648766,1759311962365,buy,1.727200,670.160000
10648767,1759311962368,sell,1.727150,47708.380000
10648768,1759311962483,sell,1.727100,11.580000
10648769,1759311962483,sell,1.727000,13.470000
10648770,1759311962484,sell,1.726900,2012.640000
10648771,1759311962494,sell,1.726800,18.620000
10648772,1759311962644,sell,1.726400,11.160000
10648773,1759311962721,buy,1.726500,579.200000
10648774,1759311962721,buy,1.726600,512.790000
10648775,1759311962813,sell,1.726400,395.910000
10648776,1759311962813,sell,1.726300,4604.090000
10648777,1759311962822,buy,1.726500,283.130000
10648778,1759311962898,sell,1.726200,6.090000
10648779,1759311962898,sell,1.726100,290.720000
10648780,1759311962970,buy,1.726300,14.460000
10648781,1759311963051,sell,1.726100,1043.350000
10648782,1759311963051,sell,1.726000,1856.270000
10648783,1759311963150,buy,1.726100,4140.160000
10648784,1759311963172,buy,1.726000,115.870000
10648785,1759311963172,buy,1.726100,684.130000
10648786,1759311963807,buy,1.726200,100.000000
10648787,1759311963951,buy,1.726200,79.240000
10648788,1759311964182,buy,1.726200,3864.190000
10648789,1759311964350,buy,1.726350,68624.100000
10648790,1759311964633,buy,1.726400,100.000000
10648791,1759311964856,buy,1.726400,37.150000
10648792,1759311965194,sell,1.726300,150.620000
10648793,1759311965238,buy,1.726300,287.750000
10648794,1759311965313,sell,1.726200,10.000000
10648795,1759311965313,sell,1.726100,140.630000
10648796,1759311965317,buy,1.726300,106.130000
10648797,1759311965402,buy,1.726200,347.320000
10648798,1759311965558,sell,1.726100,159.370000
10648799,1759311965558,sell,1.725900,84.550000
10648800,1759311965558,sell,1.725800,49.800000
10648801,1759311965558,sell,1.725700,2.590000
10648802,1759311966069,buy,1.725800,388.120000
10648803,1759311966182,sell,1.725700,2878.040000
10648804,1759311966531,buy,1.725800,17.280000
10648805,1759311966602,sell,1.725700,1448.350000
10648806,1759311966662,buy,1.725800,11.830000
10648807,1759311966795,buy,1.725800,238.200000
10648808,1759311967009,sell,1.725750,48278.970000
10648809,1759311967081,sell,1.725700,5.000000
10648810,1759311967265,buy,1.725800,16.240000
10648811,1759311967425,sell,1.725700,20563.890000
10648812,1759311967762,buy,1.725700,10.000000
10648813,1759311967778,sell,1.725600,684.150000
10648814,1759311967822,sell,1.725500,100.000000
10648815,1759311967871,sell,1.725600,1624.550000
10648816,1759311967946,buy,1.725700,19.350000
10648817,1759311968072,sell,1.725600,1102.720000
10648818,1759311968257,sell,1.725600,100.000000
10648819,1759311968435,sell,1.725600,221.540000
10648820,1759311968677,sell,1.725600,100.000000
10648821,1759311968869,buy,1.725650,80273.970000
10648822,1759311968955,buy,1.725700,1158.940000
10648823,1759311969066,sell,1.725600,11.590000
10648824,1759311969081,sell,1.725500,32.560000
10648825,1759311969087,buy,1.725700,180.070000
10648826,1759311969224,sell,1.725400,13.540000
10648827,1759311969380,sell,1.725600,130.270000
10648828,1759311969769,sell,1.725600,723.710000
10648829,1759311970342,sell,1.725600,605.280000
10648830,1759311970513,sell,1.725400,17.640000
10648831,1759311970850,buy,1.725500,150.680000
10648832,1759311970869,sell,1.725600,307.870000
10648833,1759311971296,buy,1.725500,301.360000
10648834,1759311971508,buy,1.725500,60.610000
10648835,1759311971508,buy,1.725600,10.000000
10648836,1759311971508,buy,1.725700,3674.690000
10648837,1759311971600,sell,1.725600,8.670000
10648838,1759311972110,buy,1.725600,11.590000
10648839,1759311972403,sell,1.725600,7.000000
10648840,1759311972549,buy,1.725700,9607.700000
10648841,1759311972733,buy,1.725700,440.480000
10648842,1759311972824,sell,1.725600,243.850000
10648843,1759311972926,sell,1.725600,901.570000
10648844,1759311973282,buy,1.725700,10.000000
10648845,1759311973475,buy,1.725700,135.350000
10648846,1759311973484,sell,1.725600,31.550000
10648847,1759311973603,sell,1.725650,87364.800000
10648848,1759311974003,sell,1.725600,106.060000
10648849,1759311974117,buy,1.725700,75.000000
10648850,1759311974302,sell,1.725600,2514.700000
10648851,1759311974382,sell,1.725500,10.000000
10648852,1759311974382,sell,1.725400,55.070000
10648853,1759311974385,sell,1.725200,15.000000
10648854,1759311974385,sell,1.725100,1585.320000
27884305,1759311984524,buy,1.720300,88.000000
27884306,1759311984840,buy,1.720300,100.000000
27884307,1759311984926,buy,1.720300,1627.100000
27884308,1759311985038,buy,1.720300,82.950000
27884309,1759311985133,sell,1.720200,11.630000
27884310,1759311985133,sell,1.720200,139.530000
27884311,1759311985149,buy,1.720300,753.850000
27884312,1759311985149,buy,1.720300,581.290000
27884313,1759311985149,buy,1.720300,1515.100000
27884314,1759311985149,buy,1.720300,26.610000
27884315,1759311985149,buy,1.720300,11.630000
27884316,1759311985149,buy,1.720300,867.900000
27884317,1759311985149,buy,1.720300,214.830000
27884318,1759311985154,buy,1.720300,53.080000
27884319,1759311985269,sell,1.720100,10.000000
27884320,1759311985270,sell,1.719900,237.180000
27884321,1759311985270,sell,1.719900,514.500000
27884322,1759311985270,sell,1.719900,924.320000
27884323,1759311985270,sell,1.719800,7.210000
27884324,1759311985270,sell,1.719800,15.910000
27884325,1759311985270,sell,1.719800,4.040000
27884326,1759311985279,sell,1.719700,7.070000
27884327,1759311985279,sell,1.719700,728.110000
27884328,1759311985286,sell,1.719700,48.510000
27884329,1759311985286,sell,1.719700,73.570000
27884330,1759311985287,sell,1.719700,703.050000
27884331,1759311985287,sell,1.719700,3.200000
27884332,1759311985287,sell,1.719700,7.080000
27884333,1759311985287,sell,1.719700,147.940000
27884334,1759311985287,sell,1.719700,15.000000
27884335,1759311985287,sell,1.719700,581.490000
27884336,1759311985288,sell,1.719600,28.890000
27884337,1759311985288,sell,1.719600,3.890000
27884338,1759311985288,sell,1.719600,174.450000
27884339,1759311985288,sell,1.719500,6.090000
27884340,1759311985288,sell,1.719500,3.200000
27884341,1759311985288,sell,1.719500,24.170000
27884342,1759311985288,sell,1.719500,12.740000
27884343,1759311985288,sell,1.719500,9.270000
27884344,1759311985288,sell,1.719500,9.260000
27884345,1759311985288,sell,1.719400,89.190000
27884346,1759311985288,sell,1.719400,10.640000
27884347,1759311985288,sell,1.719400,3.300000
27884348,1759311985288,sell,1.719400,11.700000
27884349,1759311985288,sell,1.719400,20.760000
27884350,1759311985288,sell,1.719400,14.370000
27884351,1759311985288,sell,1.719400,10.410000
27884352,1759311985288,sell,1.719400,3.380000
27884353,1759311985288,sell,1.719400,3.390000
27884354,1759311985288,sell,1.719700,2136.440000
27884355,1759311985289,sell,1.719700,154.370000
27884356,1759311985358,buy,1.719400,34.710000
27884357,1759311985516,buy,1.719400,16.480000
27884358,1759311985551,sell,1.719300,6.850000
27884359,1759311985551,sell,1.719300,51.970000
27884360,1759311985582,buy,1.719400,51.400000
27884361,1759311985626,buy,1.719400,100.000000
27884362,1759311985634,buy,1.719400,300.000000
27884363,1759311985650,buy,1.719400,11.630000
27884364,1759311985650,buy,1.719400,5.810000
27884365,1759311985715,sell,1.719300,31.730000
27884366,1759311985752,sell,1.719400,116.250000
27884367,1759311985779,sell,1.719600,214.170000
27884368,1759311985783,buy,1.719400,151.190000
27884369,1759311985784,buy,1.719400,151.190000
27884370,1759311985787,buy,1.719400,151.190000
27884371,1759311985787,buy,1.719400,174.460000
27884372,1759311985788,buy,1.719700,174.440000
27884373,1759311985795,buy,1.719700,1933.450000
27884374,1759311985795,buy,1.720000,581.390000
27884375,1759311985795,buy,1.720300,28.890000
27884376,1759311985795,buy,1.720300,665.000000
27884377,1759311985795,buy,1.720400,10.000000
27884378,1759311985795,buy,1.720400,7.070000
27884379,1759311985976,sell,1.720300,398.700000
27884380,1759311985976,sell,1.720300,11.620000
27884381,1759311986037,buy,1.719800,11.260000
27884382,1759311986041,buy,1.719800,5249.590000
27884383,1759311986041,buy,1.719800,65.730000
27884384,1759311986041,buy,1.719800,214.170000
27884385,1759311986041,buy,1.719800,224.460000
27884386,1759311986041,buy,1.719800,142.710000
27884387,1759311986041,buy,1.719800,343.660000
27884388,1759311986230,sell,1.719700,7.070000
27884389,1759311986230,sell,1.719700,3.480000
27884390,1759311986230,sell,1.719700,77.450000
27884391,1759311986274,sell,1.719700,330.850000
27884392,1759311986275,sell,1.719700,781.610000
27884393,1759311986276,sell,1.719700,816.500000
27884394,1759311986331,sell,1.719700,3.480000
27884395,1759311986331,sell,1.719700,3.480000
27884396,1759311986331,sell,1.719700,11.630000
27884397,1759311986331,sell,1.719600,28.890000
27884398,1759311986331,sell,1.719600,10.000000
27884399,1759311986331,sell,1.719500,93.730000
27884400,1759311986400,sell,1.719300,90.360000
27884401,1759311986400,sell,1.719300,11.190000
27884402,1759311986400,sell,1.719200,18.450000
27884403,1759311986409,buy,1.719600,11.260000
27884404,1759311986409,buy,1.719600,71.690000
10649087,1759311994280,buy,1.718000,1187.050000
10649088,1759311994433,sell,1.717900,67.130000
10649089,1759311994951,sell,1.717900,1005.160000
10649090,1759311995054,sell,1.717900,5000.000000
10649091,1759311995075,buy,1.718000,11.640000
10649092,1759311995075,buy,1.718100,10.000000
10649093,1759311995174,sell,1.717900,1385.460000
10649094,1759311995233,buy,1.718200,12.000000
10649095,1759311995763,sell,1.717900,11.640000
10649096,1759311995763,sell,1.717800,56.010000
10649097,1759311995763,sell,1.717700,32.350000
10649098,1759311995804,sell,1.717750,50439.220000
10649099,1759311995807,buy,1.717800,2112.740000
10649100,1759311995833,buy,1.718000,191.780000
10649101,1759311995851,sell,1.717700,7.800000
10649102,1759311995936,buy,1.718000,4.300000
10649103,1759311995943,sell,1.717900,184.040000
10649104,1759311996119,buy,1.718000,18.980000
10649105,1759311996371,buy,1.718200,17.640000
10649106,1759311996371,buy,1.718400,1311.780000
10649107,1759311996372,buy,1.718500,2082.370000
10649108,1759311996372,buy,1.718600,973.830000
10649109,1759311996437,sell,1.718300,10.000000
10649110,1759311996513,sell,1.718100,14.550000
10649111,1759311996782,buy,1.718400,349.180000
10649112,1759311997098,buy,1.718600,151.280000
10649113,1759311997444,sell,1.718800,17.520000
10649114,1759311997867,buy,1.718900,26.640000
10649115,1759311997867,buy,1.719000,433.160000
10649116,1759311998139,sell,1.719000,440.480000
10649117,1759311998262,sell,1.719000,100.000000
10649118,1759311998427,buy,1.719100,72.430000
10649119,1759311999081,sell,1.719050,35082.040000
10649120,1759311999541,sell,1.719000,58.180000
10649121,1759311999543,sell,1.718800,124.710000
10649122,1759311999791,buy,1.718500,8977.120000
10649123,1759312000042,buy,1.718700,21.640000
10649124,1759312000177,sell,1.719000,220.810000
10649125,1759312000490,buy,1.719050,57051.370000
10649126,1759312000583,sell,1.719000,4.130000
10649127,1759312000628,sell,1.718800,11.950000
10649128,1759312000938,sell,1.719000,11.630000
10649129,1759312000980,buy,1.719100,199.930000
10649130,1759312001662,sell,1.718900,11.640000
10649131,1759312001662,sell,1.718800,10.000000
10649132,1759312001662,sell,1.718700,24.910000
10649133,1759312002076,sell,1.718700,100.000000
10649134,1759312002485,buy,1.719000,239.040000
10649135,1759312002708,buy,1.719200,94.990000
10649136,1759312002708,buy,1.719300,3.490000
10649137,1759312002708,buy,1.719400,3.480000
10649138,1759312002789,buy,1.719600,98.040000
10649139,1759312003184,buy,1.719600,50.520000
10649140,1759312003184,buy,1.719700,7.070000
10649141,1759312003184,buy,1.719900,586.490000
10649142,1759312003500,sell,1.719600,5000.000000
10649143,1759312003607,buy,1.719600,1176.020000
10649144,1759312003694,sell,1.719500,38.360000
10649145,1759312003703,sell,1.719300,1375.770000
10649146,1759312003838,sell,1.719100,10.680000
10649147,1759312003913,buy,1.719100,100.000000
10649148,1759312004215,sell,1.719050,84170.860000
10649149,1759312004230,sell,1.719000,9.890000
10649150,1759312004477,buy,1.719100,1116.710000
10649151,1759312004749,sell,1.719300,243.480000
10649152,1759312004929,sell,1.719000,161.060000
10649153,1759312005103,sell,1.719000,2000.000000
10649154,1759312005644,buy,1.719100,1293.250000
10649155,1759312006161,sell,1.719000,100.000000
10649156,1759312006724,buy,1.719100,3042.330000
10649157,1759312006734,buy,1.719200,10.000000
10649158,1759312006734,buy,1.719300,108.200000
10649159,1759312006736,buy,1.719500,581.560000
10649160,1759312006803,buy,1.719600,28.890000
10649161,1759312006803,buy,1.719700,7.070000
10649162,1759312006803,buy,1.719800,3.480000
10649163,1759312006803,buy,1.719900,542.250000
10649164,1759312006904,sell,1.719800,151.210000
10649165,1759312007148,sell,1.719700,2240.780000
10649166,1759312007152,sell,1.719400,10.000000
10649167,1759312007336,buy,1.719800,834.650000
10649168,1759312007718,sell,1.719300,483.480000
10649169,1759312007933,buy,1.719400,22392.670000
10649170,1759312007962,buy,1.719650,153066.620000
10649171,1759312008150,buy,1.720000,1151.300000
10649172,1759312008299,buy,1.720000,8.810000
10649173,1759312008351,buy,1.720100,79.170000
10649174,1759312008351,buy,1.720300,28.890000
10649175,1759312008376,sell,1.720300,100.000000
10649176,1759312008466,buy,1.720400,51.170000
10649177,1759312008467,buy,1.720600,2879.460000
10649178,1759312008471,buy,1.720900,49.110000
10649179,1759312008471,buy,1.721000,37.580000
10649180,1759312008474,buy,1.721100,26.060000
10649181,1759312008701,buy,1.721300,18.710000
10649182,1759312008701,buy,1.721400,28.400000
10649183,1759312008701,buy,1.721500,18.620000
10649184,1759312008706,buy,1.721600,2730.600000
10649185,1759312008713,buy,1.721700,10.660000
10649186,1759312008717,buy,1.721800,13.250000
10649187,1759312008717,buy,1.721900,292.460000
10649188,1759312008749,sell,1.721600,638.330000
10649189,1759312008768,buy,1.721900,355.000000
10649190,1759312009053,sell,1.721900,5000.000000
10649191,1759312009182,buy,1.722000,697.580000
10649192,1759312009277,buy,1.722100,173.900000
10649193,1759312009277,buy,1.722200,11.960000
10649194,1759312009287,sell,1.721900,660.700000
10649195,1759312009613,sell,1.721900,375.880000
10649196,1759312009644,sell,1.721800,689.590000
10649197,1759312009644,sell,1.721700,85.880000
10649198,1759312009941,buy,1.722000,945.170000
10649199,1759312010045,buy,1.722000,14181.870000
10649200,1759312010090,buy,1.722200,3.480000
10649201,1759312010090,buy,1.722300,42.960000
10649202,1759312010090,buy,1.722400,741.970000
10649203,1759312010219,sell,1.722300,38.540000
10649204,1759312010282,buy,1.722400,843.890000
10649205,1759312010283,buy,1.722500,36.430000
10649206,1759312010284,buy,1.722600,18.150000
10649207,1759312010284,buy,1.722800,47.630000
10649208,1759312010284,buy,1.722900,11.670000
10649209,1759312010284,buy,1.723000,188.120000
10649210,1759312010298,sell,1.722700,100.000000
10649211,1759312010557,buy,1.723100,41.150000
10649212,1759312010565,buy,1.723200,322.730000
10649213,1759312010604,sell,1.723100,290.870000
10649214,1759312010757,buy,1.723200,1975.020000
10649215,1759312011203,sell,1.723200,160.690000
10649216,1759312011214,buy,1.723300,58.920000
10649217,1759312011253,sell,1.723200,46.430000
10649218,1759312011253,sell,1.723100,476.720000
10649219,1759312011253,sell,1.723000,3.480000
10649220,1759312011253,sell,1.722900,973.370000
10649221,1759312011299,buy,1.723200,476.810000
10649222,1759312011299,buy,1.723300,1523.190000
10649223,1759312011677,sell,1.723100,150.900000
10649224,1759312011907,buy,1.723200,449.370000
10649225,1759312011918,sell,1.723100,548.540000
10649226,1759312012083,sell,1.723100,100.000000
10649227,1759312012356,buy,1.723200,145.180000
10649228,1759312012426,sell,1.723100,13.060000
10649229,1759312012427,sell,1.723150,41726.260000
27885251,1759312019983,sell,1.723500,469.280000
27885252,1759312020222,buy,1.723550,55627.590000
27885253,1759312020405,sell,1.723500,150.870000
27885254,1759312020413,sell,1.723500,174.080000
27885255,1759312020415,sell,1.723500,255.260000
27885256,1759312020415,sell,1.723500,11.600000
27885257,1759312020415,sell,1.723500,197.340000
27885258,1759312020415,sell,1.723500,696.300000
27885259,1759312020415,sell,1.723500,174.080000
27885260,1759312020415,sell,1.723500,174.080000
27885261,1759312020415,sell,1.723500,5889.800000
27885262,1759312020415,sell,1.723400,10.000000
27885263,1759312020416,sell,1.723300,104.440000
27885264,1759312020420,sell,1.723200,3.600000
27885265,1759312020420,sell,1.723000,3.480000
27885266,1759312020420,sell,1.723000,28.890000
27885267,1759312020441,sell,1.722800,15.000000
27885268,1759312020441,sell,1.722700,539.390000
27885269,1759312020443,sell,1.722700,41.090000
27885270,1759312020618,sell,1.722400,7.070000
27885271,1759312020813,buy,1.722400,319.080000
27885272,1759312020892,sell,1.722300,28.890000
27885273,1759312020892,sell,1.722300,11.610000
27885274,1759312020893,sell,1.722100,40.620000
27885275,1759312020893,sell,1.722100,104.510000
27885276,1759312020893,sell,1.721900,77.610000
27885277,1759312020893,sell,1.721700,7.070000
27885278,1759312020893,sell,1.721700,1600.000000
27885279,1759312020893,sell,1.721700,1718.310000
27885280,1759312020894,sell,1.721700,232.760000
27885281,1759312020896,sell,1.721600,28.890000
27885282,1759312020896,sell,1.721600,10.000000
27885283,1759312021047,sell,1.721500,18.620000
27885284,1759312021047,sell,1.721500,3.480000
27885285,1759312021048,sell,1.721500,3.480000
27885286,1759312021048,sell,1.721400,5.330000
27885287,1759312021048,sell,1.721400,6.850000
27885288,1759312021048,sell,1.721400,162.240000
27885289,1759312021155,buy,1.721600,10.000000
27885290,1759312021312,sell,1.721500,11.620000
27885291,1759312021312,sell,1.721500,3.480000
27885292,1759312021312,sell,1.721400,163.960000
27885293,1759312021334,buy,1.721400,58.010000
27885294,1759312021580,sell,1.721100,7.070000
27885295,1759312021580,sell,1.721100,18.990000
27885296,1759312021580,sell,1.721100,73.940000
27885297,1759312021702,sell,1.721100,691.260000
27885298,1759312021702,sell,1.721100,673.180000
27885299,1759312021751,buy,1.721200,254.810000
27885300,1759312021940,sell,1.721100,11.620000
27885301,1759312021940,sell,1.721000,28.890000
27885302,1759312021940,sell,1.720900,104.580000
27885303,1759312021940,sell,1.720800,245.390000
27885304,1759312021943,sell,1.720800,295.820000
27885305,1759312021945,sell,1.720800,39.910000
27885306,1759312021945,sell,1.720800,205.320000
27885307,1759312021945,sell,1.720800,298.380000
27885308,1759312021946,sell,1.720800,145.780000
27885309,1759312021947,sell,1.720800,5.460000
27885310,1759312021947,sell,1.720700,174.340000
27885311,1759312021947,sell,1.720600,116.610000
27885312,1759312021951,sell,1.720800,300.170000
27885313,1759312022369,sell,1.720600,211.030000
27885314,1759312022369,sell,1.720600,77.610000
27885315,1759312022369,sell,1.720600,6.990000
27885316,1759312022369,sell,1.720600,2.090000
27885317,1759312022372,sell,1.720600,237.020000
27885318,1759312022376,sell,1.720600,297.650000
27885319,1759312022383,sell,1.720600,196.710000
27885320,1759312022383,sell,1.720600,42.730000
27885321,1759312022383,sell,1.720600,3.480000
27885322,1759312022383,sell,1.720600,11.620000
27885323,1759312022383,sell,1.720600,45.560000
27885324,1759312022422,sell,1.720400,7.070000
27885325,1759312022422,sell,1.720400,40.620000
27885326,1759312022422,sell,1.720300,3.480000
27885327,1759312022422,sell,1.720300,28.890000
27885328,1759312022422,sell,1.720300,5.810000
27885329,1759312022422,sell,1.720300,147.960000
27885330,1759312022712,sell,1.720300,348.510000
27885331,1759312022723,buy,1.720400,100.000000
27885332,1759312022770,buy,1.720400,2007.250000
27885333,1759312022770,buy,1.720400,11.630000
27885334,1759312022770,buy,1.720400,1827.700000
27885335,1759312022770,buy,1.720400,453.420000
27885336,1759312022785,buy,1.720400,3.480000
27885337,1759312022991,buy,1.720400,11.630000
27885338,1759312022991,buy,1.720400,12.020000
27885339,1759312022993,buy,1.720400,100.000000
27885340,1759312023117,sell,1.720300,11.630000
27885341,1759312023117,sell,1.720300,112.360000
27885342,1759312023129,sell,1.720300,344.540000
27885343,1759312023129,sell,1.720300,948.710000
27885344,1759312023243,buy,1.720400,11.630000
27885345,1759312023243,buy,1.720500,116.240000
27885346,1759312023243,buy,1.720500,10.000000
27885347,1759312023339,sell,1.720500,11.900000
27885348,1759312023539,buy,1.720600,3.480000
27885349,1759312023539,buy,1.720600,11.620000
27885350,1759312023539,buy,1.720800,1.260000
10649383,1759312030996,sell,1.724000,1413.940000
10649384,1759312031168,sell,1.724000,2649.590000
10649385,1759312031170,sell,1.723800,104.410000
10649386,1759312031441,buy,1.723500,1072.260000
10649387,1759312031910,buy,1.723500,909.550000
10649388,1759312032067,buy,1.723500,2899.620000
10649389,1759312032073,sell,1.723400,11.600000
10649390,1759312032073,sell,1.723300,10.000000
10649391,1759312032141,buy,1.723300,72.000000
10649392,1759312032143,sell,1.723100,19.350000
10649393,1759312032345,sell,1.723100,10.230000
10649394,1759312032489,buy,1.723200,1198.800000
10649395,1759312032641,sell,1.723100,150.900000
10649396,1759312032719,buy,1.723200,7.000000
10649397,1759312033161,sell,1.723100,100.000000
10649398,1759312033351,buy,1.723200,11.610000
10649399,1759312033351,buy,1.723300,13.480000
10649400,1759312033354,buy,1.723400,104.460000
10649401,1759312033440,buy,1.723800,7.070000
10649402,1759312033440,buy,1.723900,6.470000
10649403,1759312033925,sell,1.723600,7.050000
10649404,1759312034082,sell,1.723600,127.570000
10649405,1759312034082,sell,1.723400,104.430000
10649406,1759312034082,sell,1.723200,836.710000
10649407,1759312034082,sell,1.723100,1182.840000
10649408,1759312034482,sell,1.723150,10932.250000
10649409,1759312034510,sell,1.723100,7.000000
10649410,1759312034642,sell,1.723100,631.300000
10649411,1759312034707,buy,1.723200,191.180000
10649412,1759312035371,sell,1.723100,3721.710000
10649413,1759312035444,sell,1.723000,42.370000
10649414,1759312035444,sell,1.722900,956.070000
10649415,1759312035444,sell,1.722800,580.450000
10649416,1759312035605,sell,1.722400,7.070000
10649417,1759312035605,sell,1.722300,28.890000
10649418,1759312035614,sell,1.722100,79.210000
10649419,1759312035614,sell,1.722000,2406.590000
10649420,1759312035657,sell,1.721900,81.090000
10649421,1759312035657,sell,1.721800,216.560000
10649422,1759312035705,sell,1.721700,7.070000
10649423,1759312035705,sell,1.721600,38.890000
10649424,1759312035705,sell,1.721500,21.810000
10649425,1759312035705,sell,1.721400,16.050000
10649426,1759312035705,sell,1.721200,219.750000
10649427,1759312035712,sell,1.721100,26.060000
10649428,1759312035717,sell,1.721000,37.580000
10649429,1759312035717,sell,1.720900,49.190000
10649430,1759312035717,sell,1.720700,174.340000
10649431,1759312035717,sell,1.720600,31.540000
10649432,1759312035893,sell,1.720600,500.000000
10649433,1759312036082,sell,1.720650,72585.310000
10649434,1759312036097,sell,1.720600,290.000000
10649435,1759312036150,buy,1.720700,21.120000
10649436,1759312036164,sell,1.720600,164.880000
10649437,1759312036169,sell,1.720400,152.300000
10649438,1759312036169,sell,1.720300,34.700000
10649439,1759312036169,sell,1.720200,651.110000
10649440,1759312036169,sell,1.720100,688.780000
10649441,1759312036289,buy,1.720100,5000.000000
10649442,1759312036620,buy,1.720100,200.000000
10649443,1759312036682,sell,1.720000,368.800000
10649444,1759312036701,buy,1.720100,82.950000
10649445,1759312036856,sell,1.720000,53.060000
10649446,1759312037312,sell,1.720000,11.630000
10649447,1759312037320,sell,1.719900,553.320000
10649448,1759312037320,sell,1.719800,1107.040000
10649449,1759312037320,sell,1.719700,1570.590000
10649450,1759312037322,sell,1.719600,28.890000
10649451,1759312037322,sell,1.719500,6.090000
10649452,1759312037322,sell,1.719400,103.130000
10649453,1759312037323,sell,1.719300,762.540000
10649454,1759312037429,buy,1.719300,9.330000
10649455,1759312037537,buy,1.719300,2058.130000
10649456,1759312037757,sell,1.719200,82.940000
10649457,1759312037757,sell,1.719100,17.890000
10649458,1759312037757,sell,1.719000,122.410000
10649459,1759312037758,sell,1.718900,6819.760000
10649460,1759312037761,sell,1.718800,26.290000
10649461,1759312037761,sell,1.718700,75.740000
10649462,1759312037761,sell,1.718600,508.610000
10649463,1759312037789,sell,1.718900,2042.920000
10649464,1759312037790,buy,1.718800,82.950000
10649465,1759312038095,buy,1.718600,3507.160000
10649466,1759312038196,sell,1.718500,19.830000
10649467,1759312038196,sell,1.718400,7.070000
10649468,1759312038197,sell,1.718300,6.340000
10649469,1759312038250,buy,1.718400,182.950000
10649470,1759312038458,sell,1.718300,14.950000
10649471,1759312038481,buy,1.718400,698.180000
10649472,1759312038533,buy,1.718500,34.920000
10649473,1759312038548,buy,1.718400,593.550000
10649474,1759312038608,buy,1.718700,10.000000
10649475,1759312038608,buy,1.718800,11.340000
10649476,1759312038706,sell,1.718500,22.270000
10649477,1759312038718,sell,1.718800,16.360000
10649478,1759312038932,sell,1.718500,535.740000
10649479,1759312038932,sell,1.718300,786.920000
10649480,1759312039150,buy,1.718400,82.950000
10649481,1759312039384,sell,1.718200,2349.310000
10649482,1759312039609,buy,1.718400,127.080000
10649483,1759312039700,buy,1.718700,41.290000
10649484,1759312039757,buy,1.718400,222.210000
10649485,1759312039882,sell,1.718300,10.140000
10649486,1759312039887,buy,1.718400,500.000000
10649487,1759312039960,sell,1.718400,82.950000
10649488,1759312039960,sell,1.718300,265.400000
10649489,1759312039983,sell,1.718400,8.180000
10649490,1759312040052,buy,1.718500,20.000000
10649491,1759312040052,buy,1.718700,2202.000000
10649492,1759312040219,sell,1.718500,26.180000
10649493,1759312040272,buy,1.718600,82.950000
10649494,1759312040441,sell,1.718500,151.310000
10649495,1759312040668,sell,1.718500,3.610000
10649496,1759312040708,sell,1.718200,20.000000
10649497,1759312040708,sell,1.718100,482.520000
10649498,1759312040708,sell,1.718000,3590.700000
10649499,1759312040708,sell,1.717900,906.780000
10649500,1759312040817,buy,1.718100,108.810000
10649501,1759312040833,buy,1.718050,19472.170000
10649502,1759312041135,buy,1.718100,239.770000
10649503,1759312041616,buy,1.718100,60.290000
10649504,1759312041621,sell,1.718000,233.070000
10649505,1759312041640,buy,1.718100,10.000000
10649506,1759312041640,buy,1.718200,10.000000
10649507,1759312041653,buy,1.718500,82.950000
10649508,1759312042126,buy,1.718350,10922.350000
10649509,1759312042231,buy,1.718400,82.950000
10649510,1759312042439,buy,1.718400,1408.440000
10649511,1759312042817,buy,1.718500,97.680000
10649512,1759312042920,sell,1.718300,11.000000
10649513,1759312042935,buy,1.718400,11.000000
10649514,1759312043192,sell,1.718200,10.000000
10649515,1759312043192,sell,1.718100,1836.390000
10649516,1759312043225,buy,1.718400,151.300000
10649517,1759312043237,buy,1.718500,2448.500000
10649518,1759312043242,buy,1.718600,20.000000
10649519,1759312043254,buy,1.718800,3.490000
10649520,1759312043254,buy,1.718900,1060.910000
10649521,1759312043254,buy,1.719000,19.240000
10649522,1759312043361,buy,1.719000,9.650000
10649523,1759312043361,buy,1.719100,4378.750000
10649524,1759312043404,buy,1.719200,7.050000
10649525,1759312043527,sell,1.718800,3.490000
10649526,1759312043527,sell,1.718700,479.540000
10649527,1759312043527,sell,1.718500,4516.970000
10649528,1759312043893,buy,1.718550,26210.870000
10649529,1759312043964,buy,1.718600,82.950000
10649530,1759312043972,sell,1.718500,65.670000
10649531,1759312044081,buy,1.718600,13.720000
10649532,1759312044252,buy,1.718600,302.560000
10649533,1759312044516,buy,1.719000,82.950000
10649534,1759312045083,buy,1.719000,82.950000
10649535,1759312045338,buy,1.719000,3.490000
10649536,1759312045338,buy,1.719100,13.490000
10649537,1759312045490,buy,1.719600,28.890000
10649538,1759312045491,buy,1.719700,485.880000
10649539,1759312045491,buy,1.719800,1694.720000
10649540,1759312045588,buy,1.719600,349.160000
10649541,1759312046759,buy,1.719550,12540.280000
10649542,1759312046811,buy,1.719600,5000.000000
10649543,1759312047530,sell,1.719700,2901.650000
10649544,1759312047946,sell,1.719700,7.000000
10649545,1759312047948,buy,1.719800,9.000000
10649546,1759312048173,buy,1.719800,359.460000
10649547,1759312048212,sell,1.719700,1089.620000
10649548,1759312048538,sell,1.719700,151.200000
10649549,1759312048774,sell,1.719700,360.270000
10649550,1759312048858,sell,1.719750,11132.190000
10649551,1759312048860,buy,1.719800,444.500000
10649552,1759312048953,sell,1.719700,4.140000
10649553,1759312048989,buy,1.719800,260.410000
10649554,1759312049156,sell,1.719700,704.760000
10649555,1759312049314,buy,1.719800,64.920000
10649556,1759312049322,sell,1.719700,373.780000
10649557,1759312049327,sell,1.719600,10.000000
10649558,1759312049335,sell,1.719300,23.000000
10649559,1759312050010,buy,1.719550,15727.080000
10649560,1759312050106,buy,1.719600,722.800000
10649561,1759312051051,buy,1.719700,10.000000
10649562,1759312051051,buy,1.719800,13.000000
10649563,1759312051076,buy,1.719600,1618.690000
10649564,1759312051077,buy,1.719800,581.460000
10649565,1759312051077,buy,1.720000,462.410000
10649566,1759312051078,buy,1.720100,62.210000
10649567,1759312051078,buy,1.720300,32.370000
10649568,1759312051078,buy,1.720400,58.130000
10649569,1759312051079,buy,1.720500,5.000000
10649570,1759312051080,buy,1.719800,2272.730000
10649571,1759312051089,buy,1.720600,120.340000
10649572,1759312051322,buy,1.720900,11.620000
10649573,1759312051322,buy,1.721000,37.580000
10649574,1759312051324,buy,1.721100,26.060000
10649575,1759312051324,buy,1.721200,51.740000
10649576,1759312051658,sell,1.721100,305.650000
10649577,1759312051951,sell,1.721100,11.620000
10649578,1759312051951,sell,1.721000,5.660000
10649579,1759312052132,sell,1.720900,16476.570000
10649580,1759312052572,sell,1.720900,3350.980000
10649581,1759312052676,sell,1.720900,11.620000
10649582,1759312052677,sell,1.720800,851.850000
10649583,1759312052979,buy,1.720900,1135.500000
10649584,1759312052995,buy,1.721000,3.610000
10649585,1759312053001,buy,1.721200,1011.270000
10649586,1759312053003,buy,1.721300,7.090000
10649587,1759312053003,buy,1.721400,16.050000
10649588,1759312053003,buy,1.721500,2.920000
10649589,1759312053006,buy,1.721200,1656.860000
10649590,1759312053007,buy,1.721500,15.700000
10649591,1759312053007,buy,1.721600,276.950000
10649592,1759312053153,buy,1.721600,894.300000
10649593,1759312053282,buy,1.721600,4582.800000
10649594,1759312053344,buy,1.721700,10.660000
10649595,1759312053344,buy,1.721800,114.320000
10649596,1759312053344,buy,1.721900,120.320000
10649597,1759312053346,buy,1.722000,508.280000
10649598,1759312053395,buy,1.722100,326.160000
10649599,1759312053492,buy,1.722000,11.610000
10649600,1759312053508,buy,1.722100,21.940000
10649601,1759312053598,buy,1.722200,3.480000
10649602,1759312053598,buy,1.722300,637.380000
10649603,1759312053671,buy,1.722400,1494.290000
10649604,1759312053927,buy,1.722400,95.050000
10649605,1759312053927,buy,1.722500,36.430000
10649606,1759312054112,buy,1.722400,11.610000
10649607,1759312054112,buy,1.722500,88.390000
10649608,1759312054333,buy,1.722400,390.070000
10649609,1759312054539,sell,1.722500,216.110000
10649610,1759312054639,buy,1.722550,26988.030000
10649611,1759312054723,sell,1.722500,4.530000
10649612,1759312054895,sell,1.722500,310.200000
10649613,1759312055025,buy,1.722600,19.760000
10649614,1759312055025,buy,1.722800,123.120000
10649615,1759312055311,sell,1.722800,349.160000
10649616,1759312056498,sell,1.722800,100.000000
10649617,1759312056938,sell,1.722800,1027.360000
10649618,1759312056983,buy,1.722900,1369.310000
10649619,1759312057025,sell,1.722800,870.670000
10649620,1759312057927,sell,1.722800,500.000000
10649621,1759312057942,buy,1.722900,11.610000
10649622,1759312057942,buy,1.723000,1.390000
10649623,1759312057946,sell,1.722800,9.000000
10649624,1759312058376,sell,1.722900,100.000000
10649625,1759312059125,sell,1.722900,452.770000
10649626,1759312059163,sell,1.722700,10.000000
10649627,1759312059166,sell,1.722300,967.740000
10649628,1759312059235,sell,1.722160,17618.120000
10649629,1759312059359,sell,1.722400,8.970000
10649630,1759312059450,buy,1.722500,25.000000
10649631,1759312059643,buy,1.722500,11.610000
10649632,1759312059648,buy,1.722700,104.500000
10649633,1759312059654,buy,1.722900,3910.350000
10649634,1759312059654,buy,1.723000,1187.840000
10649635,1759312059654,buy,1.723100,26.060000
10649636,1759312059654,buy,1.723200,728.910000
10649637,1759312059973,sell,1.722700,604.710000
10649638,1759312059973,sell,1.722500,883.030000
10649639,1759312059992,buy,1.722700,4.140000
10649640,1759312060253,sell,1.722500,100.000000
10649641,1759312060514,sell,1.722500,150.960000
10649642,1759312060607,sell,1.722400,7.070000
10649643,1759312060607,sell,1.722300,294.870000
10649644,1759312060928,buy,1.722200,23.210000
10649645,1759312060928,buy,1.722400,325.060000
10649646,1759312061019,sell,1.722300,57.020000
10649647,1759312061238,sell,1.722400,70.980000
10649648,1759312061434,buy,1.722500,452.800000
10649649,1759312061685,sell,1.722900,518.090000
10649650,1759312062427,sell,1.722900,127.690000
10649651,1759312062766,sell,1.722500,46.470000
10649652,1759312062954,sell,1.722400,1275.830000
10649653,1759312063095,sell,1.722100,7.790000
10649654,1759312063356,buy,1.722200,11.610000
10649655,1759312063356,buy,1.722300,11.560000
10649656,1759312063356,buy,1.722400,26.830000
10649657,1759312063614,sell,1.722500,3.480000
10649658,1759312063879,sell,1.722550,28141.010000
10649659,1759312063948,sell,1.722500,3.490000
10649660,1759312064139,sell,1.722500,3.490000
10649661,1759312064759,sell,1.722500,18.410000
10649662,1759312064906,sell,1.722500,100.000000
10649663,1759312066201,sell,1.722500,11.610000
10649664,1759312066201,sell,1.722400,10.000000
10649665,1759312066444,sell,1.722300,22.460000
10649666,1759312067094,sell,1.722300,100.000000
10649667,1759312067349,sell,1.722300,2209.490000
10649668,1759312067923,buy,1.722400,50.030000
10649669,1759312067923,buy,1.722500,10.000000
10649670,1759312067929,buy,1.722600,104.510000
10649671,1759312067929,buy,1.722700,3394.440000
10649672,1759312068011,buy,1.723000,325.340000
10649673,1759312068012,buy,1.723100,7.070000
10649674,1759312068015,buy,1.723200,1986.720000
10649675,1759312068023,buy,1.723300,462.860000
10649676,1759312068192,buy,1.723300,95.550000
10649677,1759312068192,buy,1.723400,36.840000
10649678,1759312068318,buy,1.723500,5.330000
10649679,1759312068318,buy,1.723600,402.860000
10649680,1759312068318,buy,1.723700,75.320000
10649681,1759312068402,buy,1.723800,3482.380000
10649682,1759312068574,sell,1.723700,6.390000
10649683,1759312068575,buy,1.723800,93.990000
10649684,1759312068617,sell,1.723700,15.000000
10649685,1759312068712,buy,1.723750,18570.820000
10649686,1759312069006,sell,1.723700,100.000000
10649687,1759312069406,buy,1.723800,8.970000
10649688,1759312069437,sell,1.723700,100.000000
10649689,1759312069921,sell,1.723700,7.720000
10649690,1759312070171,sell,1.723700,48.290000
10649691,1759312070194,buy,1.723700,10.000000
10649692,1759312070308,sell,1.723600,10.000000
10649693,1759312070645,sell,1.723600,348.270000
10649694,1759312070652,buy,1.723700,11.600000
10649695,1759312070652,buy,1.723800,11.590000
10649696,1759312070657,buy,1.723900,150.830000
10649697,1759312070665,buy,1.724000,3548.120000
10649698,1759312071033,buy,1.724100,99.170000
10649699,1759312071039,buy,1.724200,8979.320000
10649700,1759312071190,sell,1.724100,100.000000
10649701,1759312071207,buy,1.724200,7567.690000
10649702,1759312071374,buy,1.724200,8245.690000
10649703,1759312071420,sell,1.724100,60.290000
10649704,1759312071451,buy,1.724200,516.460000
10649705,1759312071759,sell,1.724100,4381.250000
10649706,1759312071883,buy,1.724200,10.000000
10649707,1759312072186,sell,1.724100,758.320000
10649708,1759312072956,buy,1.724200,3.480000
10649709,1759312073100,sell,1.724100,585.120000
10649710,1759312073368,buy,1.724150,23283.560000
10649711,1759312074339,sell,1.724100,3480.070000
10649712,1759312074989,buy,1.724000,2583.750000
10649713,1759312074989,buy,1.724100,316.140000
10649714,1759312075132,buy,1.724000,172.580000
10649715,1759312075361,buy,1.724100,3607.150000
10649716,1759312075507,sell,1.724000,471.050000
10649717,1759312075560,sell,1.723900,40.190000
10649718,1759312075560,sell,1.723800,41.250000
10649719,1759312075750,sell,1.723800,1482.760000
10649720,1759312075792,buy,1.724000,347.980000
10649721,1759312076071,buy,1.723900,13.060000
10649722,1759312076133,sell,1.723800,3313.080000
10649723,1759312076685,buy,1.723900,11.000000
10649724,1759312077521,sell,1.723800,150.840000
10649725,1759312077826,sell,1.723850,25468.150000
10649726,1759312078911,sell,1.723800,3.480000
10649727,1759312079101,sell,1.723800,11.600000
10649728,1759312079146,buy,1.723900,3457.600000
10649729,1759312079391,sell,1.723400,921.820000
10649730,1759312079635,buy,1.723500,82.950000
10649731,1759312079953,buy,1.723500,8.970000
10649732,1759312080152,sell,1.723400,11.600000
10649733,1759312080154,sell,1.723200,150.890000
10649734,1759312080184,buy,1.723200,82.950000
10649735,1759312080445,sell,1.723100,18.680000
10649736,1759312080445,sell,1.723000,31.890000
10649737,1759312080445,sell,1.722800,3889.470000
10649738,1759312080746,sell,1.722400,200.000000
10649739,1759312080983,buy,1.722500,127.720000
10649740,1759312081234,buy,1.722800,21.610000
10649741,1759312081234,buy,1.723100,78.390000
10649742,1759312081343,buy,1.722800,11.610000
10649743,1759312081353,buy,1.723100,4718.080000
10649744,1759312081357,buy,1.723500,3.480000
10649745,1759312081357,buy,1.723700,32.490000
10649746,1759312081363,buy,1.723100,767.680000
10649747,1759312081366,buy,1.723800,1869.640000
10649748,1759312081415,buy,1.724100,2019.900000
10649749,1759312081519,buy,1.724100,213.700000
10649750,1759312081528,buy,1.724200,2138.160000
10649751,1759312081632,buy,1.724200,3149.900000
10649752,1759312081673,sell,1.724100,100.000000
10649753,1759312081673,buy,1.724200,22617.540000
10649754,1759312081780,buy,1.724200,6712.710000
10649755,1759312081844,buy,1.724300,66.650000
10649756,1759312081844,buy,1.724400,266.980000
10649757,1759312081844,buy,1.724200,4620.740000
10649758,1759312081877,buy,1.724400,28.370000
10649759,1759312081877,buy,1.724500,11.160000
10649760,1759312081877,buy,1.724600,324.870000
10649761,1759312081878,buy,1.724700,104.490000
10649762,1759312081878,buy,1.724800,153.920000
10649763,1759312081878,buy,1.724900,60.880000
10649764,1759312081878,buy,1.725000,3017.910000
10649765,1759312082001,buy,1.725000,208.710000
10649766,1759312082181,buy,1.724950,13089.280000
10649767,1759312082218,sell,1.724900,921.420000
10649768,1759312082419,buy,1.725000,200.000000
10649769,1759312082501,sell,1.724900,22912.460000
10649770,1759312082506,sell,1.724800,10.000000
10649771,1759312082507,sell,1.724700,104.360000
10649772,1759312082721,buy,1.724400,251.900000
10649773,1759312082744,sell,1.724300,475.710000
10649774,1759312083146,buy,1.724100,150.800000
10649775,1759312083268,sell,1.724000,15.000000
10649776,1759312083369,buy,1.724100,2718.020000
10649777,1759312083372,sell,1.724000,10.070000
10649778,1759312083527,buy,1.724200,189.820000
10649779,1759312083596,buy,1.724300,1323.500000
10649780,1759312083856,buy,1.724300,3605.000000
10649781,1759312083888,sell,1.724200,275.090000
10649782,1759312083888,sell,1.724100,880.910000
10649783,1759312083915,buy,1.724300,113.510000
10649784,1759312084164,buy,1.724300,82.950000
10649785,1759312084393,sell,1.724200,452.440000
10649786,1759312084637,sell,1.724200,1699.610000
10649787,1759312084729,buy,1.724300,82.950000
10649788,1759312085064,buy,1.724300,109.430000
10649789,1759312085274,buy,1.724300,82.950000
10649790,1759312085388,sell,1.724200,361.850000
10649791,1759312085739,sell,1.724200,150.810000
10649792,1759312085765,buy,1.724300,1513.040000
10649793,1759312085786,sell,1.724250,8346.560000
10649794,1759312085847,buy,1.724300,82.950000
10649795,1759312085889,sell,1.724200,11.600000
10649796,1759312085906,sell,1.724000,3075.970000
10649797,1759312085906,sell,1.723800,587.180000
10649798,1759312085909,sell,1.723700,28.890000
10649799,1759312086199,buy,1.723700,34.790000
10649800,1759312086199,buy,1.723900,483.650000
10649801,1759312086287,sell,1.723800,6.600000
10649802,1759312086405,buy,1.723900,11.600000
10649803,1759312086405,buy,1.724100,71.350000
10649804,1759312086716,buy,1.724100,173.230000
10649805,1759312086836,sell,1.724100,1627.100000
10649806,1759312086898,buy,1.724300,182.950000
10649807,1759312087254,buy,1.724200,70.130000
10649808,1759312087479,sell,1.724100,437.230000
10649809,1759312087630,buy,1.724200,2335.290000
10649810,1759312087831,buy,1.724200,2086.760000
10649811,1759312087986,buy,1.724150,15247.380000
10649812,1759312088164,buy,1.724200,94.300000
10649813,1759312088283,sell,1.724100,14.260000
10649814,1759312088294,buy,1.724200,14.560000
10649815,1759312088548,sell,1.724100,43.730000
10649816,1759312088548,sell,1.723900,150.830000
10649817,1759312089002,buy,1.723900,205.840000
10649818,1759312089291,sell,1.723800,150.840000
10649819,1759312089421,sell,1.723600,104.060000
10649820,1759312090563,sell,1.723600,3.480000
10649821,1759312090629,sell,1.723650,13355.830000
10649822,1759312091029,buy,1.723700,2880.950000
10649823,1759312091436,sell,1.723700,725.030000
10649824,1759312091535,buy,1.723800,17.410000
10649825,1759312092016,sell,1.723700,18.790000
10649826,1759312092271,buy,1.723650,9827.350000
10649827,1759312092343,buy,1.723700,100.000000
10649828,1759312092453,sell,1.723600,8.000000
10649829,1759312092505,buy,1.723700,97.980000
10649830,1759312092713,buy,1.723700,132.040000
10649831,1759312092936,buy,1.723700,253.650000
10649832,1759312093282,buy,1.723700,10.070000
27887073,1759312122062,buy,1.721700,11.620000
27887074,1759312122062,buy,1.721900,104.550000
27887075,1759312122062,buy,1.722000,0.480000
27887076,1759312122209,sell,1.721800,11.620000
27887077,1759312122209,sell,1.721600,0.290000
27887078,1759312122284,buy,1.721900,3.480000
27887079,1759312122284,buy,1.721900,11.620000
27887080,1759312122284,buy,1.722000,301.400000
27887081,1759312122284,buy,1.722100,40.620000
27887082,1759312122284,buy,1.722100,13.570000
27887083,1759312122284,buy,1.722100,2.980000
27887084,1759312122284,buy,1.722100,11.450000
27887085,1759312122284,buy,1.722100,10.590000
27887086,1759312122284,buy,1.722300,28.890000
27887087,1759312122284,buy,1.722300,3.480000
27887088,1759312122284,buy,1.722300,1139.890000
27887089,1759312122302,buy,1.722000,7.170000
27887090,1759312122509,buy,1.722400,7.070000
27887091,1759312122509,buy,1.722400,3.480000
27887092,1759312122509,buy,1.722400,3.480000
27887093,1759312122509,buy,1.722400,985.970000
27887094,1759312122590,buy,1.722500,476.770000
27887095,1759312122590,buy,1.722500,445.050000
27887096,1759312122781,sell,1.722300,3.480000
27887097,1759312122781,sell,1.722200,96.520000
27887098,1759312123049,buy,1.722400,348.690000
27887099,1759312123638,sell,1.722200,110.440000
27887100,1759312123638,sell,1.722200,10.000000
27887101,1759312123638,sell,1.722200,11.610000
27887102,1759312123638,sell,1.722200,448.150000
27887103,1759312123638,sell,1.722200,1160.400000
27887104,1759312123639,sell,1.722200,290.100000
27887105,1759312123641,sell,1.722200,205.530000
27887106,1759312124057,buy,1.722000,131.280000
27887107,1759312124220,sell,1.721900,3.480000
27887108,1759312124220,sell,1.721900,3.480000
27887109,1759312124220,sell,1.721900,348.690000
27887110,1759312124220,sell,1.721900,131.280000
27887111,1759312124220,sell,1.721900,11.610000
27887112,1759312124220,sell,1.721800,1075.750000
27887113,1759312124220,sell,1.721800,425.710000
27887114,1759312124408,buy,1.721800,3.330000
27887115,1759312124583,sell,1.721750,89735.200000
27887116,1759312124746,sell,1.721700,7.070000
27887117,1759312124746,sell,1.721700,92.930000
27887118,1759312124761,sell,1.721700,384.560000
27887119,1759312124761,sell,1.721700,11.620000
27887120,1759312124761,sell,1.721700,68.790000
27887121,1759312124761,sell,1.721700,1621.790000
27887122,1759312125137,buy,1.721700,336.820000
27887123,1759312125683,sell,1.721600,13.050000
27887124,1759312126390,sell,1.721600,13.140000
27887125,1759312126596,buy,1.721700,17.520000
27887126,1759312126982,sell,1.721600,2.700000
27887127,1759312126982,sell,1.721600,10.000000
27887128,1759312126982,sell,1.721600,11.620000
27887129,1759312126982,sell,1.721600,75.680000
27887130,1759312127227,buy,1.721700,11.620000
27887131,1759312127227,buy,1.721700,117.090000
27887132,1759312127382,buy,1.721700,173.590000
27887133,1759312127382,buy,1.721700,10.000000
27887134,1759312127382,buy,1.721700,2104.830000
27887135,1759312127382,buy,1.721700,34.830000
27887136,1759312127382,buy,1.721700,11.620000
27887137,1759312127382,buy,1.721700,665.130000
27887138,1759312127483,sell,1.721600,5.810000
27887139,1759312127804,sell,1.721800,3.600000
27887140,1759312127804,sell,1.721800,5.360000
27887141,1759312127926,sell,1.721800,11.620000
27887142,1759312128010,sell,1.721600,4.190000
27887143,1759312128010,sell,1.721600,543.070000
27887144,1759312128010,sell,1.721400,580.920000
27887145,1759312128010,sell,1.721400,348.160000
27887146,1759312128928,buy,1.721400,11.620000
27887147,1759312128928,buy,1.721400,19.480000
27887148,1759312129040,buy,1.721400,11.620000
27887149,1759312129040,buy,1.721500,477.660000
27887150,1759312129040,buy,1.721500,477.780000
27887151,1759312129040,buy,1.721600,477.700000
