id,unix_timestamp_ms,side,price,quantity
8304362,1759266137066,buy,1010.000000,0.090000
8304363,1759266137067,buy,1010.000000,0.090000
8304364,1759266137067,buy,1010.000000,0.090000
8304365,1759266137067,buy,1010.000000,0.090000
8304366,1759266137067,buy,1010.000000,0.090000
8304367,1759266137068,buy,1010.000000,0.090000
8304368,1759266137068,buy,1010.000000,0.090000
8304369,1759266137068,buy,1010.000000,0.090000
8304370,1759266137068,buy,1010.000000,0.090000
8304371,1759266137068,buy,1010.000000,0.090000
8304372,1759266137068,buy,1010.000000,0.090000
8304373,1759266137068,buy,1010.000000,0.090000
8304374,1759266137068,buy,1010.000000,0.090000
8304375,1759266137070,buy,1010.000000,0.090000
8304376,1759266138398,buy,1010.000000,0.090000
8304377,1759266138398,buy,1010.000000,0.440000
8304378,1759266138691,buy,1010.000000,0.430000
8304379,1759266139029,sell,1009.943000,6.510000
8304380,1759266139932,sell,1009.900000,0.170000
8304381,1759266140224,sell,1009.900000,0.230000
8304382,1759266140355,sell,1009.950000,8.040000
8304383,1759266141811,sell,1009.900000,0.270000
8304384,1759266141811,sell,1009.900000,0.010000
8304385,1759266141811,sell,1009.800000,0.010000
8304386,1759266142485,buy,1009.897000,14.030000
8304387,1759266143013,sell,1009.800000,0.240000
8304388,1759266143349,buy,1009.900000,0.780000
8304389,1759266143349,buy,1009.900000,1.410000
8304390,1759266144053,sell,1009.800000,0.270000
8304391,1759266144053,sell,1009.800000,0.090000
8304392,1759266144053,sell,1009.800000,0.090000
8304393,1759266144053,sell,1009.800000,0.090000
8304394,1759266144053,sell,1009.800000,0.090000
8304395,1759266144053,sell,1009.800000,0.090000
8304396,1759266144054,sell,1009.800000,0.090000
8304397,1759266144054,sell,1009.800000,0.090000
8304398,1759266144054,sell,1009.800000,0.090000
8304399,1759266144054,sell,1009.800000,0.090000
8304400,1759266144054,sell,1009.800000,1.040000
8304401,1759266144290,buy,1009.900000,0.520000
8304402,1759266145028,buy,1010.000000,0.210000
8304403,1759266145028,buy,1010.000000,0.280000
8304404,1759266146058,sell,1009.850000,12.790000
8304405,1759266146703,buy,1009.900000,0.420000
8304406,1759266146917,sell,1009.800000,0.110000
8304407,1759266146917,sell,1009.800000,0.190000
8304408,1759266148211,buy,1009.850000,12.140000
8304409,1759266148298,sell,1009.800000,0.160000
8304410,1759266148603,sell,1009.800000,0.210000
8304411,1759266149950,buy,1009.900000,0.230000
8304412,1759266149950,buy,1010.000000,0.100000
8304413,1759266150072,buy,1009.900000,0.330000
8304414,1759266150201,sell,1009.800000,0.280000
8304415,1759266150201,sell,1009.800000,0.210000
8304416,1759266150991,sell,1009.900000,0.330000
8304417,1759266151294,buy,1010.000000,0.600000
8304418,1759266151814,buy,1010.000000,0.090000
8304419,1759266151814,buy,1010.000000,0.180000
8304420,1759266151814,buy,1010.000000,3.060000
8304421,1759266152367,sell,1009.900000,0.240000
8304422,1759266152962,sell,1009.977000,11.840000
8304423,1759266152996,sell,1009.900000,0.250000
8304424,1759266153701,buy,1010.000000,0.330000
8304425,1759266154560,buy,1010.000000,0.290000
8304426,1759266154560,buy,1010.000000,0.090000
8304427,1759266154560,buy,1010.000000,0.060000
8304428,1759266154691,sell,1009.900000,0.340000
8304429,1759266154774,sell,1009.900000,0.330000
8304430,1759266155246,buy,1010.000000,0.030000
8304431,1759266155246,buy,1010.000000,0.090000
8304432,1759266155246,buy,1010.000000,0.090000
8304433,1759266155246,buy,1010.000000,0.090000
8304434,1759266155246,buy,1010.000000,0.090000
8304435,1759266155246,buy,1010.000000,0.090000
8304436,1759266155246,buy,1010.000000,0.090000
8304437,1759266155246,buy,1010.000000,0.090000
8304438,1759266155246,buy,1010.000000,0.090000
8304439,1759266155246,buy,1010.000000,0.090000
8304440,1759266155246,buy,1010.000000,0.090000
8304441,1759266155246,buy,1010.000000,0.090000
8304442,1759266155246,buy,1010.000000,0.090000
8304443,1759266155246,buy,1010.000000,0.090000
8304444,1759266155246,buy,1010.000000,0.090000
8304445,1759266155246,buy,1010.000000,0.090000
8304446,1759266155246,buy,1010.000000,2.300000
8304447,1759266155541,buy,1009.992000,13.660000
8304448,1759266156325,sell,1009.900000,0.250000
8304449,1759266156996,buy,1010.000000,0.610000
8304450,1759266158027,buy,1010.000000,0.070000
8304451,1759266158027,buy,1010.000000,0.520000
8304452,1759266158027,buy,1010.000000,6.340000
8304453,1759266158143,sell,1009.950000,21.110000
8304454,1759266158629,buy,1010.000000,2.980000
8304455,1759266158943,sell,1009.900000,0.300000
8304456,1759266159842,sell,1009.900000,0.170000
8304457,1759266160653,sell,1009.900000,0.040000
8304458,1759266160653,sell,1009.900000,0.090000
8304459,1759266160653,sell,1009.900000,0.090000
8304460,1759266160653,sell,1009.900000,0.080000
8304461,1759266161848,buy,1009.950000,22.010000
4955747,1759266166501,sell,1009.900000,0.340000
4955748,1759266166702,sell,1009.950000,7.490000
4955749,1759266168658,sell,1009.900000,0.220000
4955750,1759266168791,buy,1010.000000,0.540000
4955751,1759266169360,buy,1010.000000,0.050000
4955752,1759266170479,sell,1009.950000,7.560000
4955753,1759266170601,sell,1009.900000,3.330000
4955754,1759266170969,sell,1009.900000,0.230000
4955755,1759266171195,sell,1009.900000,1.230000
4955756,1759266171825,buy,1010.000000,0.460000
4955757,1759266172406,sell,1009.900000,0.300000
4955758,1759266172460,buy,1009.971000,6.630000
4955759,1759266173062,sell,1009.900000,0.180000
4955760,1759266173856,sell,1009.900000,22.800000
4955761,1759266173856,sell,1009.800000,2.130000
4955762,1759266173862,buy,1010.000000,11.970000
4955763,1759266173862,buy,1010.100000,12.960000
4955764,1759266174666,sell,1009.974000,7.150000
4955765,1759266175669,buy,1010.000000,0.550000
4955766,1759266176140,sell,1009.900000,0.260000
4955767,1759266176899,buy,1010.000000,0.490000
4955768,1759266177014,buy,1010.000000,3.950000
4955769,1759266177924,sell,1009.900000,0.290000
4955770,1759266179288,sell,1009.996000,3.160000
4955771,1759266179444,sell,1009.900000,0.250000
4955772,1759266179669,buy,1010.000000,0.450000
4955773,1759266180368,buy,1009.996000,12.690000
4955774,1759266181355,sell,1009.900000,0.260000
4955775,1759266181845,buy,1010.000000,0.600000
4955776,1759266183284,sell,1009.900000,0.500000
4955777,1759266183284,sell,1009.800000,1.850000
4955778,1759266184101,sell,1009.800000,0.320000
4955779,1759266184626,buy,1009.900000,0.990000
4955780,1759266184711,sell,1009.800000,0.170000
4955781,1759266184762,buy,1009.900000,3.230000
4955782,1759266185106,sell,1009.880000,4.090000
4955783,1759266185111,buy,1009.900000,0.390000
4955784,1759266185572,sell,1009.800000,0.270000
4955785,1759266186697,sell,1009.870000,6.400000
4955786,1759266187793,buy,1009.900000,0.470000
4955787,1759266189560,sell,1009.800000,0.250000
4955788,1759266190333,sell,1009.900000,1.030000
4955789,1759266191165,sell,1009.800000,3.230000
4955790,1759266191610,buy,1009.900000,5.110000
4955791,1759266192760,sell,1009.800000,0.200000
4955792,1759266195633,sell,1009.887000,3.100000
4955793,1759266196345,buy,1009.900000,0.450000
4955794,1759266198024,sell,1009.800000,0.250000
8402808,1759300035033,sell,1009.600000,0.020000
8402809,1759300035033,sell,1009.600000,0.190000
8402810,1759300035033,sell,1009.600000,14.850000
8402811,1759300035033,sell,1009.600000,0.730000
8402812,1759300035033,sell,1009.600000,0.030000
8402813,1759300035033,sell,1009.600000,0.010000
8402814,1759300036191,buy,1009.750000,2.280000
8402815,1759300039094,sell,1009.750000,0.430000
8402816,1759300040594,sell,1009.757000,0.480000
8402817,1759300041663,sell,1009.714000,2.330000
8402818,1759300042345,buy,1009.800000,0.520000
8402819,1759300042345,buy,1009.800000,0.280000
8402820,1759300042345,buy,1009.800000,0.020000
8402821,1759300042345,buy,1009.800000,0.090000
8402822,1759300042345,buy,1009.800000,0.090000
8402823,1759300042345,buy,1009.800000,0.090000
8402824,1759300042345,buy,1009.800000,0.090000
8402825,1759300042345,buy,1009.800000,0.090000
8402826,1759300042345,buy,1009.800000,0.090000
8402827,1759300042345,buy,1009.800000,0.090000
8402828,1759300042345,buy,1009.800000,0.090000
8402829,1759300042345,buy,1009.800000,0.090000
8402830,1759300042345,buy,1009.800000,0.090000
8402831,1759300042345,buy,1009.800000,0.090000
8402832,1759300042345,buy,1009.800000,0.090000
8402833,1759300042345,buy,1009.800000,0.090000
8402834,1759300042345,buy,1009.800000,0.090000
8402835,1759300042345,buy,1009.800000,0.090000
8402836,1759300042345,buy,1009.800000,0.090000
8402837,1759300042345,buy,1009.800000,0.090000
8402838,1759300042345,buy,1009.800000,0.090000
8402839,1759300042345,buy,1009.800000,0.090000
8402840,1759300042345,buy,1009.800000,0.090000
8402841,1759300042345,buy,1009.800000,1.740000
8402842,1759300042345,buy,1009.800000,6.340000
8402843,1759300042345,buy,1009.800000,3.080000
8402844,1759300042345,buy,1009.800000,7.130000
8402845,1759300042979,buy,1009.800000,1.740000
8402846,1759300045098,buy,1009.750000,1.080000
8402847,1759300047027,buy,1009.800000,20.200000
8402848,1759300047027,buy,1009.800000,21.390000
8402849,1759300047155,sell,1009.700000,0.500000
8402850,1759300047155,sell,1009.700000,0.010000
8402851,1759300047155,sell,1009.600000,0.520000
8402852,1759300053924,buy,1009.650000,1.710000
8402853,1759300054785,buy,1009.700000,0.090000
8402854,1759300054785,buy,1009.700000,0.090000
8402855,1759300054785,buy,1009.700000,0.090000
8402856,1759300054785,buy,1009.700000,0.090000
8402857,1759300054785,buy,1009.700000,0.090000
8402858,1759300054785,buy,1009.700000,0.090000
8402859,1759300054785,buy,1009.700000,0.090000
8402860,1759300054785,buy,1009.700000,0.090000
8402861,1759300054785,buy,1009.700000,0.090000
8402862,1759300054785,buy,1009.700000,0.090000
8402863,1759300054785,buy,1009.700000,0.090000
8402864,1759300054785,buy,1009.700000,0.090000
8402865,1759300054785,buy,1009.700000,14.850000
8402866,1759300054785,buy,1009.700000,9.900000
8402867,1759300054785,buy,1009.700000,29.200000
8402868,1759300054785,buy,1009.800000,0.520000
8402869,1759300054785,buy,1009.800000,5.000000
8402870,1759300054785,buy,1009.800000,0.090000
8402871,1759300054785,buy,1009.800000,0.090000
8402872,1759300054785,buy,1009.800000,0.090000
8402873,1759300054785,buy,1009.800000,0.090000
8402874,1759300054785,buy,1009.800000,0.090000
8402875,1759300054785,buy,1009.800000,0.090000
8402876,1759300054785,buy,1009.800000,0.090000
8402877,1759300054785,buy,1009.800000,0.090000
8402878,1759300054785,buy,1009.800000,0.090000
8402879,1759300054785,buy,1009.800000,0.090000
8402880,1759300054785,buy,1009.800000,0.090000
8402881,1759300054785,buy,1009.800000,0.090000
8402882,1759300054785,buy,1009.800000,0.090000
8402883,1759300054785,buy,1009.800000,0.090000
8402884,1759300054785,buy,1009.800000,0.090000
8402885,1759300054785,buy,1009.800000,0.090000
8402886,1759300054785,buy,1009.800000,0.090000
8402887,1759300054785,buy,1009.800000,0.090000
8402888,1759300054785,buy,1009.800000,0.090000
8402889,1759300054785,buy,1009.900000,0.540000
8402890,1759300054785,buy,1009.900000,1.380000
8402891,1759300054785,buy,1009.900000,11.510000
8402892,1759300054785,buy,1009.900000,0.500000
8402893,1759300054785,buy,1009.900000,0.030000
8402894,1759300054785,buy,1009.900000,0.030000
8402895,1759300054785,buy,1009.900000,0.030000
8402896,1759300054785,buy,1009.900000,0.030000
8402897,1759300054785,buy,1009.900000,19.800000
8402898,1759300054785,buy,1010.000000,0.150000
8402899,1759300057357,sell,1009.750000,1.130000
8402900,1759300060168,sell,1009.700000,0.010000
8402901,1759300060976,buy,1009.750000,0.730000
8402902,1759300063564,sell,1009.750000,2.050000
8402903,1759300065651,sell,1009.700000,0.890000
8402904,1759300067513,buy,1009.750000,1.850000
8402905,1759300068971,sell,1009.700000,0.010000
8402906,1759300069156,sell,1009.700000,0.080000
8402907,1759300069840,buy,1009.750000,1.490000
4986746,1759300073840,sell,1009.748000,2.720000
4986747,1759300077444,buy,1009.800000,6.680000
4986748,1759300077468,buy,1009.900000,0.540000
4986749,1759300078085,buy,1010.000000,6.680000
4986750,1759300078769,buy,1009.950000,2.630000
4986751,1759300079076,sell,1009.900000,0.170000
4986752,1759300080421,buy,1010.000000,0.990000
4986753,1759300082036,sell,1009.950000,3.630000
4986754,1759300084032,sell,1009.900000,41.300000
4986755,1759300085668,buy,1010.000000,9.990000
4986756,1759300085753,sell,1009.900000,0.990000
4986757,1759300085889,buy,1009.950000,3.680000
4986758,1759300085951,buy,1010.000000,1.500000
4986759,1759300086155,buy,1010.000000,3.310000
4986760,1759300090273,sell,1009.950000,3.840000
4986761,1759300095163,buy,1009.950000,1.130000
4986762,1759300097989,sell,1009.900000,6.020000
4986763,1759300098262,buy,1009.950000,0.780000
4986764,1759300099635,buy,1009.950000,1.220000
4986765,1759300101811,sell,1009.900000,0.990000
4986766,1759300103567,buy,1010.000000,1.190000
4986767,1759300103765,sell,1009.950000,1.370000
4986768,1759300106458,buy,1009.970000,1.370000
4986769,1759300109265,sell,1009.900000,0.260000
4986770,1759300111090,sell,1009.950000,0.950000
4986771,1759300113684,buy,1009.950000,0.350000
4986772,1759300114976,sell,1009.950000,1.140000
4986773,1759300117153,sell,1009.900000,0.450000
4986774,1759300117349,sell,1009.900000,0.090000
4986775,1759300118286,sell,1009.900000,0.210000
4986776,1759300119993,buy,1009.950000,0.320000
4986777,1759300120403,sell,1009.900000,4.610000
4986778,1759300122299,buy,1009.950000,0.940000
4986779,1759300125619,sell,1009.950000,0.900000
4986780,1759300126696,buy,1010.000000,0.250000
4986781,1759300127139,buy,1010.000000,0.990000
4986782,1759300130098,buy,1009.950000,0.920000
4986783,1759300133489,sell,1009.950000,0.300000
4986784,1759300135498,sell,1009.900000,1.980000
4986785,1759300135665,sell,1009.900000,0.180000
4986786,1759300135867,sell,1009.900000,1.980000
4986787,1759300136101,buy,1009.950000,1.390000
4986788,1759300136190,sell,1009.900000,0.720000
4986789,1759300136358,sell,1009.900000,1.350000
8451807,1759311911824,buy,1033.100000,0.090000
8451808,1759311911824,buy,1033.100000,0.090000
8451809,1759311911824,buy,1033.100000,0.090000
8451810,1759311911824,buy,1033.100000,0.090000
8451811,1759311911824,buy,1033.100000,0.090000
8451812,1759311911824,buy,1033.100000,0.090000
8451813,1759311911824,buy,1033.100000,0.090000
8451814,1759311911824,buy,1033.100000,0.090000
8451815,1759311911824,buy,1033.100000,0.090000
8451816,1759311911824,buy,1033.100000,0.090000
8451817,1759311911824,buy,1033.100000,0.090000
8451818,1759311911824,buy,1033.100000,0.090000
8451819,1759311911824,buy,1033.100000,0.090000
8451820,1759311911824,buy,1033.100000,0.090000
8451821,1759311911824,buy,1033.100000,0.090000
8451822,1759311911824,buy,1033.100000,0.100000
8451823,1759311911824,buy,1033.100000,4.000000
8451824,1759311911824,buy,1033.100000,0.090000
8451825,1759311911824,buy,1033.100000,0.090000
8451826,1759311911824,buy,1033.100000,0.090000
8451827,1759311911824,buy,1033.100000,0.020000
8451828,1759311911824,buy,1033.100000,0.020000
8451829,1759311911824,buy,1033.100000,10.260000
8451830,1759311911824,buy,1033.100000,19.350000
8451831,1759311911824,buy,1033.200000,0.090000
8451832,1759311911824,buy,1033.200000,0.880000
8451833,1759311911824,buy,1033.200000,0.130000
8451834,1759311911824,buy,1033.200000,0.010000
8451835,1759311911824,buy,1033.200000,4.060000
8451836,1759311911824,buy,1033.200000,0.150000
8451837,1759311911824,buy,1033.200000,11.510000
8451838,1759311911824,buy,1033.200000,1.080000
8451839,1759311911824,buy,1033.200000,1.080000
8451840,1759311911824,buy,1033.200000,1.080000
8451841,1759311911824,buy,1033.200000,0.400000
8451842,1759311911824,buy,1033.200000,9.670000
8451843,1759311911824,buy,1033.200000,0.130000
8451844,1759311911824,buy,1033.300000,0.100000
8451845,1759311911824,buy,1033.300000,0.010000
8451846,1759311911824,buy,1033.300000,0.010000
8451847,1759311911824,buy,1033.300000,0.010000
8451848,1759311911824,buy,1033.300000,0.310000
8451849,1759311911824,buy,1033.300000,0.040000
8451850,1759311911824,buy,1033.300000,0.040000
8451851,1759311911824,buy,1033.300000,0.060000
8451852,1759311911824,buy,1033.300000,1.330000
8451853,1759311911824,buy,1033.300000,0.040000
8451854,1759311911824,buy,1033.300000,0.280000
8451855,1759311911824,buy,1033.300000,0.970000
8451856,1759311912615,sell,1033.050000,3.350000
8451857,1759311913374,sell,1033.100000,0.040000
8451858,1759311913374,sell,1033.000000,0.020000
8451859,1759311913374,sell,1033.000000,0.100000
8451860,1759311913374,sell,1033.000000,0.540000
8451861,1759311913374,sell,1033.000000,0.500000
8451862,1759311913444,sell,1033.000000,0.380000
8451863,1759311913868,buy,1032.950000,8.950000
8451864,1759311917110,sell,1032.950000,3.960000
8451865,1759311917807,sell,1032.900000,0.060000
8451866,1759311917906,buy,1033.100000,0.200000
8451867,1759311918230,sell,1033.000000,0.200000
8451868,1759311918602,sell,1033.000000,0.200000
8451869,1759311918689,buy,1033.100000,0.200000
8451870,1759311918755,buy,1033.100000,0.200000
8451871,1759311918858,sell,1033.000000,0.090000
8451872,1759311918858,sell,1033.000000,0.090000
8451873,1759311918858,sell,1033.000000,0.020000
8451874,1759311918983,buy,1033.100000,0.200000
8451875,1759311919387,sell,1033.000000,0.070000
8451876,1759311919387,sell,1033.000000,0.090000
8451877,1759311919387,sell,1033.000000,0.040000
8451878,1759311919629,sell,1033.000000,2.700000
8451879,1759311919726,buy,1033.100000,1.100000
8451880,1759311922281,sell,1033.050000,3.730000
8451881,1759311924461,buy,1033.050000,10.730000
8451882,1759311924995,buy,1033.100000,0.580000
8451883,1759311925819,buy,1033.100000,0.200000
8451884,1759311927140,buy,1033.100000,0.500000
8451885,1759311928187,sell,1033.050000,10.850000
8451886,1759311931540,sell,1033.000000,0.090000
8451887,1759311931541,sell,1033.000000,0.090000
8451888,1759311931541,sell,1033.000000,0.020000
8451889,1759311932679,buy,1033.050000,4.270000
8451890,1759311933437,buy,1033.100000,1.110000
8451891,1759311933800,sell,1033.000000,0.070000
8451892,1759311933800,sell,1033.000000,0.090000
8451893,1759311933800,sell,1033.000000,0.090000
8451894,1759311933800,sell,1033.000000,1.250000
8451895,1759311933800,sell,1033.000000,3.540000
8451896,1759311933800,sell,1033.000000,0.090000
8451897,1759311933800,sell,1033.000000,0.090000
8451898,1759311933800,sell,1033.000000,0.090000
8451899,1759311933800,sell,1033.000000,0.090000
8451900,1759311933800,sell,1033.000000,0.090000
8451901,1759311933800,sell,1033.000000,0.090000
8451902,1759311933800,sell,1033.000000,3.020000
8451903,1759311934962,sell,1033.050000,2.800000
8451904,1759311935645,sell,1033.000000,0.210000
8451905,1759311936880,buy,1033.050000,2.360000
8451906,1759311938695,sell,1032.950000,6.000000
5001200,1759311942401,buy,1033.050000,7.330000
5001201,1759311943839,sell,1033.000000,24.200000
5001202,1759311945967,sell,1033.050000,12.500000
5001203,1759311948816,sell,1033.000000,0.010000
5001204,1759311950604,buy,1033.050000,5.450000
5001205,1759311952823,sell,1033.000000,0.480000
5001206,1759311953187,sell,1033.000000,0.190000
5001207,1759311953565,sell,1033.000000,0.550000
5001208,1759311954500,buy,1033.100000,0.220000
5001209,1759311954789,buy,1033.050000,1.770000
5001210,1759311956345,buy,1033.050000,3.260000
5001211,1759311957918,sell,1033.000000,0.860000
5001212,1759311958426,buy,1033.100000,0.200000
5001213,1759311958586,sell,1033.050000,3.960000
5001214,1759311958678,buy,1033.100000,0.480000
5001215,1759311959010,buy,1033.100000,0.200000
5001216,1759311959552,sell,1033.000000,0.400000
5001217,1759311959954,buy,1033.100000,0.200000
5001218,1759311960545,buy,1033.100000,0.290000
5001219,1759311961498,buy,1033.100000,0.200000
5001220,1759311961905,buy,1033.050000,1.810000
5001221,1759311962545,sell,1033.000000,0.200000
5001222,1759311964151,buy,1033.050000,1.350000
5001223,1759311966319,buy,1033.100000,0.730000
5001224,1759311966319,buy,1033.200000,15.060000
5001225,1759311967347,sell,1033.100000,0.240000
5001226,1759311967449,sell,1033.100000,0.500000
5001227,1759311967517,sell,1033.150000,0.740000
5001228,1759311969389,buy,1033.150000,1.020000
5001229,1759311971006,sell,1033.100000,0.100000
5001230,1759311971117,sell,1033.150000,1.090000
5001231,1759311972376,buy,1033.150000,2.230000
5001232,1759311973770,sell,1033.100000,1.180000
5001233,1759311973802,sell,1033.000000,0.630000
8451918,1759311953187,sell,1033.000000,0.190000
8451919,1759311953565,sell,1033.000000,0.550000
8451920,1759311954500,buy,1033.100000,0.090000
8451921,1759311954500,buy,1033.100000,0.090000
8451922,1759311954500,buy,1033.100000,0.040000
8451923,1759311954789,buy,1033.050000,1.770000
8451924,1759311956345,buy,1033.050000,3.260000
8451925,1759311957918,sell,1033.000000,0.860000
8451926,1759311958426,buy,1033.100000,0.050000
8451927,1759311958426,buy,1033.100000,0.090000
8451928,1759311958426,buy,1033.100000,0.060000
8451929,1759311958586,sell,1033.050000,3.960000
8451930,1759311958678,buy,1033.100000,0.030000
8451931,1759311958678,buy,1033.100000,0.090000
8451932,1759311958678,buy,1033.100000,0.090000
8451933,1759311958678,buy,1033.100000,0.090000
8451934,1759311958678,buy,1033.100000,0.090000
8451935,1759311958678,buy,1033.100000,0.090000
8451936,1759311959010,buy,1033.100000,0.090000
8451937,1759311959010,buy,1033.100000,0.090000
8451938,1759311959010,buy,1033.100000,0.020000
8451939,1759311959552,sell,1033.000000,0.200000
8451940,1759311959581,sell,1033.000000,0.200000
8451941,1759311959954,buy,1033.100000,0.070000
8451942,1759311959954,buy,1033.100000,0.090000
8451943,1759311959954,buy,1033.100000,0.040000
8451944,1759311960545,buy,1033.100000,0.050000
8451945,1759311960545,buy,1033.100000,0.090000
8451946,1759311960545,buy,1033.100000,0.060000
8451947,1759311960587,buy,1033.100000,0.030000
8451948,1759311960587,buy,1033.100000,0.040000
8451949,1759311960611,buy,1033.100000,0.020000
8451950,1759311961498,buy,1033.100000,0.090000
8451951,1759311961498,buy,1033.100000,0.090000
8451952,1759311961498,buy,1033.100000,0.020000
8451953,1759311961905,buy,1033.050000,1.810000
8451954,1759311962545,sell,1033.000000,0.200000
8451955,1759311964151,buy,1033.050000,1.350000
8451956,1759311966319,buy,1033.100000,0.070000
8451957,1759311966319,buy,1033.100000,0.090000
8451958,1759311966319,buy,1033.100000,0.090000
8451959,1759311966319,buy,1033.100000,0.190000
8451960,1759311966319,buy,1033.100000,0.090000
8451961,1759311966319,buy,1033.100000,0.090000
8451962,1759311966319,buy,1033.100000,0.090000
8451963,1759311966319,buy,1033.100000,0.020000
8451964,1759311966319,buy,1033.200000,0.270000
8451965,1759311966319,buy,1033.200000,1.080000
8451966,1759311966319,buy,1033.200000,0.020000
8451967,1759311966319,buy,1033.200000,4.000000
8451968,1759311966319,buy,1033.200000,0.090000
8451969,1759311966319,buy,1033.200000,0.090000
8451970,1759311966319,buy,1033.200000,0.090000
8451971,1759311966319,buy,1033.200000,0.090000
8451972,1759311966319,buy,1033.200000,0.090000
8451973,1759311966319,buy,1033.200000,0.090000
8451974,1759311966319,buy,1033.200000,0.090000
8451975,1759311966319,buy,1033.200000,0.090000
8451976,1759311966319,buy,1033.200000,4.000000
8451977,1759311966319,buy,1033.200000,0.090000
8451978,1759311966319,buy,1033.200000,0.090000
8451979,1759311966319,buy,1033.200000,0.090000
8451980,1759311966319,buy,1033.200000,0.090000
8451981,1759311966319,buy,1033.200000,0.090000
8451982,1759311966319,buy,1033.200000,0.090000
8451983,1759311966319,buy,1033.200000,0.090000
8451984,1759311966319,buy,1033.200000,0.090000
8451985,1759311966319,buy,1033.200000,0.090000
8451986,1759311966319,buy,1033.200000,0.090000
8451987,1759311966319,buy,1033.200000,0.090000
8451988,1759311966319,buy,1033.200000,0.090000
8451989,1759311966319,buy,1033.200000,0.090000
8451990,1759311966319,buy,1033.200000,0.090000
8451991,1759311966319,buy,1033.200000,0.090000
8451992,1759311966319,buy,1033.200000,0.090000
8451993,1759311966319,buy,1033.200000,2.330000
8451994,1759311966319,buy,1033.200000,1.200000
8451995,1759311967347,sell,1033.100000,0.240000
8451996,1759311967449,sell,1033.100000,0.500000
8451997,1759311967517,sell,1033.150000,0.740000
8451998,1759311969389,buy,1033.150000,1.020000
8451999,1759311971006,sell,1033.100000,0.100000
8452000,1759311971117,sell,1033.150000,1.090000
8452001,1759311972376,buy,1033.150000,2.230000
8452002,1759311973770,sell,1033.100000,0.360000
8452003,1759311973795,sell,1033.100000,0.290000
8452004,1759311973799,sell,1033.100000,0.290000
8452005,1759311973802,sell,1033.100000,0.220000
8452006,1759311973802,sell,1033.100000,0.020000
8452007,1759311973802,sell,1033.000000,0.050000
8452008,1759311973813,sell,1033.000000,0.290000
8452009,1759311973825,sell,1033.000000,0.290000
8452010,1759311976028,sell,1033.050000,1.650000
8452011,1759311977825,buy,1033.050000,1.930000
8452012,1759311980927,sell,1033.050000,1.120000
8452013,1759311982857,sell,1033.050000,2.000000
8452014,1759311986361,sell,1033.000000,0.200000
8452015,1759311986967,buy,1033.050000,2.110000
8452016,1759311989581,sell,1033.000000,3.610000
8452017,1759311991237,sell,1033.050000,3.100000
5001242,1759311995820,buy,1033.050000,1.770000
5001243,1759311999645,buy,1033.050000,2.470000
5001244,1759312003680,sell,1033.000000,0.200000
5001245,1759312004184,sell,1033.050000,3.560000
5001246,1759312004230,buy,1033.100000,0.450000
5001247,1759312009181,buy,1033.050000,1.950000
5001248,1759312011801,buy,1033.100000,1.740000
5001249,1759312011802,buy,1033.200000,0.190000
5001250,1759312012511,sell,1033.200000,0.640000
8452050,1759312018043,buy,1033.400000,1.080000
8452051,1759312018043,buy,1033.400000,1.080000
8452052,1759312018043,buy,1033.400000,1.080000
8452053,1759312018043,buy,1033.400000,1.080000
8452054,1759312018043,buy,1033.400000,0.100000
8452055,1759312018043,buy,1033.400000,0.030000
8452056,1759312018043,buy,1033.400000,0.090000
8452057,1759312018043,buy,1033.400000,0.090000
8452058,1759312018043,buy,1033.400000,0.090000
8452059,1759312018043,buy,1033.400000,0.090000
8452060,1759312018043,buy,1033.400000,0.090000
8452061,1759312018043,buy,1033.400000,0.090000
8452062,1759312018043,buy,1033.400000,0.090000
8452063,1759312018043,buy,1033.400000,0.090000
8452064,1759312018043,buy,1033.400000,0.090000
8452065,1759312018043,buy,1033.400000,0.090000
8452066,1759312018043,buy,1033.400000,0.090000
8452067,1759312018043,buy,1033.400000,0.090000
8452068,1759312018043,buy,1033.400000,0.090000
8452069,1759312018043,buy,1033.400000,0.090000
8452070,1759312018043,buy,1033.400000,0.090000
8452071,1759312018043,buy,1033.400000,0.090000
8452072,1759312018043,buy,1033.400000,0.090000
8452073,1759312018043,buy,1033.400000,0.090000
8452074,1759312018043,buy,1033.400000,0.090000
8452075,1759312018043,buy,1033.400000,0.090000
8452076,1759312018043,buy,1033.400000,0.190000
8452077,1759312018043,buy,1033.400000,0.090000
8452078,1759312018043,buy,1033.400000,11.510000
8452079,1759312018043,buy,1033.500000,0.630000
8452080,1759312018043,buy,1033.500000,0.010000
8452081,1759312018043,buy,1033.500000,0.230000
8452082,1759312018043,buy,1033.500000,1.330000
8452083,1759312018043,buy,1033.500000,1.120000
8452084,1759312018043,buy,1033.500000,14.480000
8452085,1759312018043,sell,1033.200000,0.110000
8452086,1759312018043,sell,1033.200000,0.870000
8452087,1759312018043,sell,1033.200000,0.340000
8452088,1759312019347,buy,1033.400000,0.030000
8452089,1759312019648,sell,1033.350000,5.410000
8452090,1759312021035,sell,1033.300000,0.290000
8452091,1759312021035,sell,1033.300000,1.040000
8452092,1759312021035,sell,1033.300000,0.680000
8452093,1759312021035,sell,1033.300000,1.320000
8452094,1759312021035,sell,1033.300000,0.070000
8452095,1759312023561,buy,1033.500000,1.080000
8452096,1759312023561,buy,1033.500000,0.090000
8452097,1759312024180,sell,1033.400000,0.090000
8452098,1759312024180,sell,1033.400000,0.090000
8452099,1759312024180,sell,1033.400000,0.090000
8452100,1759312024180,sell,1033.400000,0.090000
8452101,1759312024180,sell,1033.400000,0.090000
8452102,1759312024180,sell,1033.400000,0.090000
8452103,1759312024180,sell,1033.400000,0.090000
8452104,1759312024180,sell,1033.400000,0.090000
8452105,1759312024180,sell,1033.400000,0.090000
8452106,1759312024180,sell,1033.400000,0.090000
8452107,1759312024180,sell,1033.400000,0.090000
8452108,1759312024180,sell,1033.400000,0.090000
8452109,1759312024180,sell,1033.400000,0.090000
8452110,1759312024180,sell,1033.400000,0.090000
8452111,1759312024180,sell,1033.400000,0.090000
8452112,1759312024180,sell,1033.400000,0.090000
8452113,1759312024180,sell,1033.400000,0.050000
8452114,1759312024548,buy,1033.450000,3.150000
8452115,1759312025361,sell,1033.400000,0.040000
8452116,1759312025361,sell,1033.400000,0.210000
8452117,1759312025361,sell,1033.400000,0.090000
8452118,1759312025361,sell,1033.400000,0.090000
8452119,1759312025361,sell,1033.400000,0.740000
8452120,1759312025777,buy,1033.500000,0.980000
8452121,1759312025777,buy,1033.500000,1.020000
8452122,1759312027036,sell,1033.400000,0.090000
8452123,1759312027036,sell,1033.400000,0.090000
8452124,1759312027036,sell,1033.400000,0.090000
8452125,1759312027036,sell,1033.400000,0.090000
8452126,1759312027036,sell,1033.400000,0.090000
8452127,1759312027036,sell,1033.400000,0.090000
8452128,1759312027036,sell,1033.400000,0.090000
8452129,1759312027036,sell,1033.400000,0.090000
8452130,1759312027036,sell,1033.400000,0.090000
8452131,1759312027036,sell,1033.400000,0.090000
8452132,1759312027036,sell,1033.400000,0.090000
8452133,1759312027036,sell,1033.400000,0.090000
8452134,1759312027036,sell,1033.400000,0.090000
8452135,1759312027036,sell,1033.400000,0.090000
8452136,1759312027036,sell,1033.400000,0.090000
8452137,1759312027036,sell,1033.400000,0.090000
8452138,1759312027036,sell,1033.400000,0.090000
8452139,1759312027036,sell,1033.400000,0.090000
8452140,1759312027036,sell,1033.400000,0.090000
8452141,1759312027036,sell,1033.400000,0.090000
8452142,1759312027036,sell,1033.400000,0.090000
8452143,1759312027036,sell,1033.400000,0.090000
8452144,1759312027036,sell,1033.400000,0.090000
8452145,1759312027036,sell,1033.400000,0.090000
8452146,1759312027036,sell,1033.400000,0.090000
8452147,1759312027036,sell,1033.400000,9.670000
8452148,1759312027036,sell,1033.400000,4.950000
8452149,1759312028313,buy,1033.450000,3.430000
5001271,1759312032099,buy,1033.500000,1.090000
5001272,1759312032209,sell,1033.450000,2.060000
5001273,1759312033537,buy,1033.450000,2.750000
5001274,1759312033789,buy,1033.500000,0.960000
5001275,1759312034015,sell,1033.400000,1.090000
5001276,1759312034945,sell,1033.450000,1.360000
5001277,1759312036460,buy,1033.450000,5.290000
5001278,1759312036872,buy,1033.500000,0.110000
5001279,1759312039983,sell,1033.450000,7.570000
5001280,1759312040450,buy,1033.500000,1.000000
5001281,1759312042103,sell,1033.400000,0.040000
5001282,1759312042103,sell,1033.300000,0.960000
5001283,1759312044516,buy,1033.350000,2.180000
5001284,1759312045565,buy,1033.350000,8.330000
5001285,1759312047084,sell,1033.300000,1.830000
5001286,1759312048591,sell,1033.350000,5.860000
5001287,1759312049866,sell,1033.300000,0.820000
5001288,1759312049866,sell,1033.200000,5.560000
5001289,1759312050876,sell,1033.200000,0.780000
5001290,1759312052305,sell,1033.250000,5.860000
5001291,1759312053784,buy,1033.300000,0.750000
5001292,1759312054620,sell,1033.200000,0.110000
5001293,1759312054644,buy,1033.250000,12.980000
5001294,1759312055669,buy,1033.400000,12.990000
5001295,1759312055678,buy,1033.500000,1.200000
5001296,1759312055949,buy,1033.500000,4.100000
5001297,1759312057419,buy,1033.500000,2.660000
5001298,1759312057421,buy,1033.600000,4.540000
5001299,1759312057608,buy,1033.600000,1.370000
5001300,1759312059063,buy,1033.700000,0.910000
5001301,1759312059166,sell,1033.600000,0.060000
5001302,1759312059294,sell,1033.550000,3.530000
5001303,1759312060870,sell,1033.550000,16.540000
5001304,1759312060932,sell,1033.500000,0.910000
5001305,1759312061702,buy,1033.600000,1.830000
5001306,1759312063727,buy,1033.600000,0.810000
5001307,1759312064751,buy,1033.600000,0.030000
5001308,1759312064993,buy,1033.600000,0.480000
5001309,1759312065601,buy,1033.550000,13.160000
5001310,1759312065634,buy,1033.600000,1.790000
5001311,1759312066232,buy,1033.600000,1.040000
5001312,1759312067570,buy,1033.600000,0.840000
5001313,1759312069005,sell,1033.550000,3.490000
5001314,1759312069154,buy,1033.600000,2.010000
5001315,1759312069154,buy,1033.700000,8.550000
5001316,1759312069920,sell,1033.600000,0.840000
5001317,1759312070806,buy,1033.650000,7.990000
5001318,1759312071002,buy,1033.700000,3.770000
5001319,1759312075043,sell,1033.650000,3.860000
5001320,1759312075351,buy,1033.700000,13.850000
5001321,1759312075352,buy,1033.800000,4.680000
5001322,1759312075352,buy,1033.900000,39.510000
5001323,1759312075817,buy,1033.700000,0.540000
5001324,1759312076154,sell,1033.700000,11.040000
5001325,1759312076245,buy,1033.800000,3.790000
5001326,1759312079188,buy,1033.800000,0.180000
5001327,1759312079784,buy,1033.750000,3.400000
5001328,1759312081782,buy,1033.900000,3.240000
5001329,1759312082036,sell,1033.900000,0.340000
5001330,1759312082289,buy,1034.000000,4.210000
5001331,1759312082494,buy,1033.950000,4.130000
5001332,1759312082569,buy,1034.000000,1.200000
5001333,1759312082787,buy,1034.000000,1.030000
5001334,1759312083449,sell,1033.900000,0.220000
5001335,1759312083729,buy,1034.000000,0.270000
5001336,1759312084034,buy,1034.000000,2.300000
5001337,1759312084034,buy,1034.100000,0.600000
5001338,1759312084034,sell,1033.900000,3.380000
5001339,1759312085029,sell,1034.000000,3.300000
5001340,1759312085487,buy,1034.050000,2.660000
5001341,1759312086725,sell,1034.050000,2.240000
5001342,1759312087478,buy,1034.100000,0.230000
5001343,1759312087478,buy,1034.200000,0.740000
5001344,1759312087541,sell,1034.000000,0.210000
5001345,1759312087767,buy,1034.200000,0.030000
5001346,1759312088001,sell,1034.100000,0.090000
5001347,1759312088017,sell,1034.000000,0.010000
5001348,1759312088017,sell,1033.900000,0.290000
5001349,1759312088182,buy,1033.850000,5.890000
5001350,1759312089163,buy,1034.000000,2.110000
5001351,1759312089163,buy,1034.100000,0.430000
5001352,1759312089163,buy,1034.200000,3.450000
5001353,1759312089690,sell,1033.950000,5.230000
5001354,1759312089956,sell,1033.900000,0.100000
5001355,1759312090521,sell,1033.900000,0.620000
5001356,1759312090522,sell,1033.800000,0.620000
5001357,1759312090540,sell,1033.700000,0.830000
5001358,1759312091838,buy,1033.800000,5.240000
5001359,1759312093135,sell,1033.750000,6.450000
8452707,1759312112283,sell,1033.800000,0.970000
8452708,1759312112590,sell,1033.800000,0.100000
8452709,1759312112860,sell,1033.800000,0.270000
8452710,1759312112860,sell,1033.800000,0.010000
8452711,1759312112860,sell,1033.800000,0.540000
8452712,1759312112860,sell,1033.800000,0.090000
8452713,1759312113212,sell,1033.750000,4.150000
8452714,1759312113654,buy,1033.800000,0.030000
8452715,1759312113892,buy,1033.800000,9.640000
8452716,1759312113892,buy,1033.800000,2.000000
8452717,1759312113892,buy,1033.800000,0.350000
8452718,1759312114327,sell,1033.800000,0.290000
8452719,1759312114405,sell,1033.800000,0.450000
8452720,1759312115160,sell,1033.850000,12.100000
8452721,1759312115315,buy,1033.900000,0.030000
8452722,1759312115350,buy,1033.900000,0.030000
8452723,1759312118205,buy,1033.850000,8.600000
8452724,1759312119906,buy,1034.000000,1.070000
8452725,1759312119906,buy,1034.000000,0.130000
8452726,1759312119907,buy,1034.000000,0.060000
8452727,1759312119907,buy,1034.100000,1.080000
8452728,1759312119907,buy,1034.100000,0.030000
8452729,1759312119907,buy,1034.100000,0.030000
8452730,1759312119907,buy,1034.100000,0.030000
8452731,1759312119907,buy,1034.100000,0.030000
8452732,1759312119907,buy,1034.100000,1.140000
8452733,1759312119908,buy,1034.100000,0.500000
8452734,1759312119909,buy,1034.100000,1.200000
8452735,1759312119910,buy,1034.100000,1.200000
8452736,1759312119910,buy,1034.100000,1.200000
8452737,1759312119911,buy,1034.100000,1.200000
8452738,1759312119911,buy,1034.100000,1.200000
8452739,1759312119912,buy,1034.100000,1.200000
8452740,1759312119913,buy,1034.100000,0.830000
8452741,1759312119913,buy,1034.100000,0.370000
8452742,1759312119914,buy,1034.100000,0.030000
8452743,1759312119914,buy,1034.200000,1.170000
8452744,1759312119921,buy,1034.200000,1.200000
8452745,1759312119930,buy,1034.200000,1.200000
8452746,1759312120203,sell,1033.900000,0.290000
8452747,1759312120203,sell,1033.900000,0.250000
8452748,1759312120473,buy,1033.900000,0.040000
8452749,1759312120473,buy,1033.900000,0.290000
8452750,1759312120473,buy,1034.000000,0.090000
8452751,1759312120473,buy,1034.000000,0.090000
8452752,1759312120473,buy,1034.000000,0.090000
8452753,1759312120473,buy,1034.000000,0.090000
8452754,1759312120474,buy,1034.000000,0.090000
8452755,1759312120474,buy,1034.000000,0.090000
8452756,1759312120474,buy,1034.000000,0.090000
8452757,1759312121990,sell,1034.050000,2.420000
8452758,1759312122261,buy,1034.100000,0.030000
8452759,1759312123850,buy,1034.050000,1.530000
8452760,1759312123867,buy,1034.100000,0.010000
8452761,1759312125001,sell,1034.050000,5.260000
8452762,1759312125163,buy,1034.100000,0.030000
8452763,1759312125300,buy,1034.100000,0.240000
8452764,1759312125458,buy,1034.100000,0.660000
8452765,1759312125458,buy,1034.100000,0.010000
8452766,1759312126839,buy,1034.100000,0.030000
8452767,1759312126865,buy,1034.100000,0.030000
8452768,1759312127174,buy,1034.050000,3.560000
8452769,1759312130735,buy,1034.050000,3.410000
8452770,1759312131153,sell,1034.000000,0.090000
8452771,1759312131153,sell,1034.000000,0.090000
8452772,1759312131153,sell,1034.000000,0.090000
8452773,1759312131153,sell,1033.800000,0.020000
8452774,1759312131159,sell,1033.800000,0.290000
8452775,1759312131160,sell,1033.800000,0.230000
8452776,1759312131160,sell,1033.800000,0.030000
8452777,1759312131160,sell,1033.800000,0.030000
8452778,1759312131163,sell,1033.800000,0.030000
8452779,1759312131163,sell,1033.800000,0.030000
8452780,1759312131163,sell,1033.800000,0.230000
8452781,1759312131394,buy,1033.900000,0.190000
8452782,1759312131394,buy,1034.000000,0.290000
8452783,1759312132848,sell,1033.700000,0.060000
8452784,1759312132848,sell,1033.700000,0.100000
8452785,1759312132848,sell,1033.700000,0.540000
8452786,1759312132848,sell,1033.700000,0.540000
8452787,1759312132848,sell,1033.700000,0.020000
8452788,1759312132848,sell,1033.700000,0.540000
8452789,1759312132848,sell,1033.700000,0.540000
8452790,1759312132848,sell,1033.700000,0.010000
8452791,1759312132848,sell,1033.700000,0.010000
8452792,1759312132848,sell,1033.700000,1.320000
8452793,1759312132848,sell,1033.700000,1.320000
8452794,1759312132989,buy,1033.800000,0.290000
8452795,1759312132989,buy,1033.900000,0.090000
8452796,1759312132989,buy,1033.900000,0.090000
8452797,1759312132989,buy,1033.900000,0.090000
8452798,1759312132989,buy,1033.900000,0.090000
8452799,1759312132989,buy,1033.900000,0.090000
8452800,1759312132989,buy,1033.900000,0.090000
8452801,1759312132989,buy,1033.900000,0.090000
8452802,1759312132989,buy,1033.900000,0.090000
8452803,1759312132989,buy,1033.900000,0.010000
8452804,1759312133062,buy,1033.900000,0.190000
8452805,1759312133653,sell,1033.850000,8.640000
8452806,1759312134445,buy,1033.900000,0.240000
5001433,1759312138301,sell,1033.800000,1.450000
5001434,1759312138889,buy,1033.900000,0.240000
5001435,1759312139081,sell,1033.800000,0.970000
5001436,1759312139644,sell,1033.800000,0.380000
5001437,1759312139650,sell,1033.700000,0.780000
5001438,1759312141074,buy,1033.800000,0.540000
5001439,1759312141074,buy,1033.900000,0.460000
5001440,1759312141245,buy,1033.900000,3.200000
5001441,1759312141585,buy,1033.900000,9.880000
5001442,1759312141667,sell,1033.900000,7.110000
5001443,1759312142232,sell,1033.800000,0.480000
5001444,1759312144378,buy,1033.900000,0.640000
5001445,1759312144838,buy,1033.850000,5.810000
5001446,1759312144960,buy,1033.900000,0.920000
5001447,1759312144960,buy,1034.000000,1.730000
5001448,1759312144960,buy,1034.100000,7.010000
5001449,1759312145264,sell,1034.000000,0.290000
5001450,1759312145446,sell,1034.000000,0.610000
5001451,1759312145779,sell,1034.000000,0.360000
5001452,1759312146139,sell,1034.000000,0.740000
5001453,1759312147081,sell,1034.000000,0.190000
5001454,1759312148827,sell,1034.050000,3.620000
5001455,1759312149886,buy,1034.100000,0.260000
5001456,1759312151621,buy,1034.100000,2.660000
5001457,1759312151627,buy,1034.200000,4.430000
5001458,1759312151765,buy,1034.200000,1.200000
5001459,1759312153183,sell,1034.150000,1.490000
5001460,1759312153528,buy,1034.200000,0.480000
5001461,1759312154208,buy,1034.200000,1.900000
5001462,1759312154208,buy,1034.300000,1.510000
5001463,1759312154451,sell,1034.200000,0.190000
5001464,1759312154639,buy,1034.250000,1.010000
5001465,1759312154771,sell,1034.200000,0.190000
5001466,1759312155651,sell,1034.250000,3.990000
5001467,1759312155880,buy,1034.300000,2.820000
5001468,1759312155886,buy,1034.400000,3.930000
5001469,1759312156046,sell,1034.200000,24.930000
5001470,1759312156580,buy,1034.400000,1.110000
5001471,1759312156580,buy,1034.500000,1.670000
5001472,1759312156580,buy,1034.600000,1.020000
5001473,1759312157282,buy,1034.550000,7.050000
5001474,1759312157341,sell,1034.500000,0.400000
5001475,1759312157482,sell,1034.500000,0.100000
5001476,1759312157690,sell,1034.500000,0.040000
5001477,1759312157963,sell,1034.500000,0.230000
5001478,1759312158842,sell,1034.500000,0.040000
5001479,1759312158997,buy,1034.600000,0.030000
5001480,1759312159178,sell,1034.500000,0.040000
5001481,1759312159609,sell,1034.500000,0.040000
5001482,1759312160037,sell,1034.500000,0.040000
5001483,1759312160412,buy,1034.600000,3.790000
5001484,1759312160715,buy,1034.600000,0.060000
5001485,1759312160968,sell,1034.500000,0.040000
5001486,1759312161395,sell,1034.500000,0.040000
5001487,1759312161793,sell,1034.500000,0.040000
5001488,1759312162223,sell,1034.500000,12.340000
5001489,1759312162641,sell,1034.500000,0.040000
5001490,1759312163049,sell,1034.500000,0.040000
5001491,1759312164012,sell,1034.500000,0.990000
5001492,1759312164012,sell,1034.400000,4.010000
5001493,1759312164142,sell,1034.400000,0.020000
5001494,1759312164566,sell,1034.500000,0.010000
5001495,1759312164978,sell,1034.500000,0.040000
5001496,1759312165352,sell,1034.500000,0.040000
5001497,1759312165480,sell,1034.500000,0.810000
5001498,1759312165714,sell,1034.500000,0.010000
5001499,1759312166820,sell,1034.500000,0.010000
5001500,1759312166870,buy,1034.550000,9.750000
5001501,1759312167243,sell,1034.500000,0.020000
5001502,1759312167647,sell,1034.500000,0.010000
5001503,1759312168030,buy,1034.600000,4.950000
5001504,1759312168385,buy,1034.600000,0.880000
5001505,1759312168942,buy,1034.700000,2.750000
5001506,1759312169175,sell,1034.700000,0.100000
5001507,1759312169339,sell,1034.700000,0.040000
5001508,1759312169535,buy,1034.800000,3.210000
5001509,1759312169758,sell,1034.700000,0.040000
5001510,1759312170148,sell,1034.700000,0.040000
5001511,1759312170512,buy,1034.800000,0.030000
5001512,1759312170527,sell,1034.700000,0.040000
8453297,1759312192179,buy,1034.700000,0.050000
8453298,1759312194534,buy,1034.800000,1.200000
8453299,1759312194900,buy,1034.650000,9.860000
8453300,1759312195607,sell,1034.600000,0.270000
8453301,1759312195607,sell,1034.600000,0.010000
8453302,1759312195607,sell,1034.600000,0.090000
8453303,1759312195607,sell,1034.600000,0.090000
8453304,1759312195607,sell,1034.600000,0.090000
8453305,1759312195607,sell,1034.600000,0.090000
8453306,1759312195607,sell,1034.600000,0.090000
8453307,1759312195607,sell,1034.600000,0.090000
8453308,1759312195607,sell,1034.600000,0.090000
8453309,1759312195607,sell,1034.600000,0.090000
8453310,1759312195607,sell,1034.600000,0.010000
8453311,1759312195607,sell,1034.600000,0.090000
8453312,1759312195607,sell,1034.600000,0.090000
8453313,1759312195607,sell,1034.600000,0.090000
8453314,1759312195607,sell,1034.600000,0.090000
8453315,1759312195607,sell,1034.600000,0.090000
8453316,1759312195607,sell,1034.600000,0.090000
8453317,1759312195607,sell,1034.600000,0.090000
8453318,1759312195607,sell,1034.600000,0.090000
8453319,1759312195607,sell,1034.600000,0.090000
8453320,1759312195607,sell,1034.600000,0.090000
8453321,1759312195607,sell,1034.600000,0.090000
8453322,1759312195607,sell,1034.600000,0.090000
8453323,1759312195607,sell,1034.500000,0.110000
8453324,1759312197429,sell,1034.600000,0.090000
8453325,1759312197429,sell,1034.600000,0.090000
8453326,1759312197429,sell,1034.600000,0.090000
8453327,1759312197429,sell,1034.600000,0.090000
8453328,1759312197429,sell,1034.600000,0.090000
8453329,1759312197429,sell,1034.600000,0.030000
8453330,1759312198317,buy,1034.700000,1.510000
8453331,1759312198317,buy,1034.700000,9.660000
8453332,1759312198317,buy,1034.700000,3.020000
8453333,1759312198317,buy,1034.700000,2.510000
8453334,1759312198317,buy,1034.700000,0.090000
8453335,1759312198317,buy,1034.700000,0.090000
8453336,1759312198317,buy,1034.700000,0.090000
8453337,1759312198317,buy,1034.700000,0.090000
8453338,1759312198317,buy,1034.700000,0.090000
8453339,1759312198317,buy,1034.700000,0.090000
8453340,1759312198317,buy,1034.700000,0.090000
8453341,1759312198317,buy,1034.700000,0.020000
8453342,1759312198317,buy,1034.700000,0.090000
8453343,1759312198317,buy,1034.700000,0.090000
8453344,1759312198317,buy,1034.700000,0.090000
8453345,1759312198317,buy,1034.700000,0.090000
8453346,1759312198317,buy,1034.700000,0.090000
8453347,1759312198317,buy,1034.700000,0.090000
8453348,1759312198317,buy,1034.700000,0.090000
8453349,1759312198317,buy,1034.700000,0.090000
8453350,1759312198317,buy,1034.700000,0.090000
8453351,1759312198317,buy,1034.700000,0.090000
8453352,1759312198317,buy,1034.700000,0.090000
8453353,1759312198317,buy,1034.700000,0.090000
8453354,1759312198317,buy,1034.700000,0.090000
8453355,1759312198317,buy,1034.700000,11.090000
8453356,1759312198317,buy,1034.700000,0.810000
8453357,1759312199470,sell,1034.650000,11.050000
8453358,1759312199580,buy,1034.700000,0.350000
8453359,1759312201011,buy,1034.700000,0.790000
8453360,1759312201055,sell,1034.600000,0.060000
8453361,1759312201055,sell,1034.600000,0.090000
8453362,1759312201055,sell,1034.600000,0.010000
8453363,1759312201055,sell,1034.600000,0.090000
8453364,1759312201055,sell,1034.600000,0.090000
8453365,1759312201055,sell,1034.600000,0.090000
8453366,1759312201055,sell,1034.600000,0.090000
8453367,1759312201055,sell,1034.600000,0.090000
8453368,1759312201055,sell,1034.600000,0.090000
8453369,1759312201055,sell,1034.600000,0.090000
8453370,1759312202815,buy,1034.800000,0.480000
8453371,1759312202895,buy,1034.750000,3.820000
8453372,1759312202904,sell,1034.700000,0.090000
8453373,1759312202904,sell,1034.700000,0.090000
8453374,1759312202904,sell,1034.700000,0.090000
8453375,1759312202904,sell,1034.700000,0.090000
8453376,1759312202904,sell,1034.700000,0.090000
8453377,1759312202904,sell,1034.700000,0.090000
8453378,1759312202904,sell,1034.700000,0.090000
8453379,1759312202904,sell,1034.700000,0.090000
8453380,1759312202904,sell,1034.700000,0.090000
8453381,1759312202904,sell,1034.700000,0.090000
8453382,1759312202904,sell,1034.700000,0.090000
8453383,1759312202904,sell,1034.700000,0.090000
8453384,1759312202904,sell,1034.700000,0.090000
8453385,1759312202904,sell,1034.700000,0.090000
8453386,1759312202904,sell,1034.700000,0.090000
8453387,1759312202904,sell,1034.700000,0.090000
8453388,1759312202904,sell,1034.700000,0.090000
8453389,1759312202904,sell,1034.700000,0.090000
8453390,1759312202904,sell,1034.700000,0.090000
8453391,1759312202904,sell,1034.700000,0.090000
8453392,1759312202904,sell,1034.700000,0.090000
8453393,1759312202904,sell,1034.700000,0.090000
8453394,1759312202904,sell,1034.700000,0.090000
8453395,1759312202904,sell,1034.700000,1.960000
8453396,1759312202904,sell,1034.700000,0.970000
5001575,1759312207656,buy,1034.700000,3.010000
5001576,1759312207656,buy,1034.800000,14.850000
5001577,1759312208583,sell,1034.650000,4.700000
5001578,1759312211540,buy,1034.650000,9.790000
5001579,1759312213656,buy,1034.700000,0.250000
5001580,1759312213656,buy,1034.800000,0.470000
5001581,1759312215064,sell,1034.650000,9.570000
5001582,1759312218385,sell,1034.650000,5.870000
5001583,1759312220629,sell,1034.600000,0.960000
5001584,1759312221718,buy,1034.700000,2.350000
5001585,1759312222003,buy,1034.700000,0.540000
5001586,1759312223373,buy,1034.650000,2.130000
5001587,1759312225842,buy,1034.650000,6.630000
5001588,1759312226885,sell,1034.500000,0.500000
5001589,1759312227462,sell,1034.500000,0.630000
5001590,1759312227664,sell,1034.400000,0.100000
5001591,1759312229077,sell,1034.400000,5.000000
5001592,1759312229217,sell,1034.450000,4.070000
5001593,1759312230969,sell,1034.400000,0.270000
5001594,1759312230969,sell,1034.300000,1.830000
5001595,1759312231162,sell,1034.300000,0.290000
5001596,1759312231162,sell,1034.200000,0.500000
5001597,1759312231690,sell,1034.200000,0.300000
5001598,1759312232070,buy,1034.250000,2.850000
5001599,1759312232253,sell,1034.200000,1.000000
5001600,1759312235077,sell,1034.250000,2.590000
5001601,1759312235577,sell,1034.200000,0.220000
5001602,1759312236597,buy,1034.300000,0.490000
5001603,1759312237427,buy,1034.250000,1.040000
5001604,1759312239115,sell,1034.200000,5.000000
5001605,1759312239539,sell,1034.250000,1.300000
5001606,1759312240576,sell,1034.200000,2.170000
5001607,1759312241136,buy,1034.250000,0.780000
5001608,1759312242314,buy,1034.250000,1.770000
5001609,1759312243111,sell,1034.200000,1.200000
5001610,1759312244579,sell,1034.250000,8.670000
5001611,1759312244965,sell,1034.200000,0.270000
5001612,1759312245302,sell,1034.200000,10.520000
5001613,1759312245492,sell,1034.100000,0.590000
5001614,1759312246285,buy,1034.100000,2.680000
5001615,1759312246289,buy,1034.200000,3.320000
5001616,1759312247383,sell,1034.100000,4.030000
5001617,1759312247383,sell,1034.000000,0.970000
5001618,1759312247659,sell,1034.000000,0.500000
5001619,1759312249244,buy,1034.050000,2.880000
5001620,1759312249514,buy,1034.100000,0.480000
5001621,1759312249854,sell,1034.000000,0.060000
5001622,1759312249854,sell,1033.900000,0.040000
5001623,1759312250047,sell,1033.900000,2.150000
5001624,1759312250634,buy,1033.850000,7.390000
5001625,1759312253320,sell,1033.800000,7.000000
5001626,1759312253612,sell,1033.800000,0.020000
5001627,1759312254978,sell,1033.850000,3.460000
5001628,1759312255728,sell,1033.800000,0.480000
5001629,1759312256079,sell,1033.800000,5.000000
5001630,1759312256651,buy,1033.850000,1.140000
5001631,1759312258041,sell,1033.850000,2.230000
5001632,1759312260125,buy,1033.850000,4.610000
5001633,1759312261217,sell,1033.800000,0.080000
5001634,1759312261563,sell,1033.800000,4.180000
5001635,1759312261896,buy,1033.900000,0.020000
5001636,1759312261896,buy,1034.000000,1.470000
5001637,1759312261947,sell,1033.900000,0.100000
5001638,1759312262074,buy,1034.000000,2.400000
5001639,1759312262340,buy,1034.100000,1.140000
5001640,1759312263215,sell,1034.050000,3.910000
5001641,1759312264245,sell,1034.100000,0.600000
5001642,1759312264719,buy,1034.050000,4.000000
5001643,1759312268543,sell,1034.150000,5.350000
5001644,1759312269663,sell,1034.100000,0.100000
5001645,1759312270089,sell,1034.100000,2.480000
5001646,1759312270089,sell,1034.000000,2.520000
5001647,1759312270747,buy,1034.200000,3.880000
5001648,1759312270749,buy,1034.300000,2.850000
5001649,1759312270967,sell,1034.300000,0.480000
5001650,1759312271881,buy,1034.300000,5.420000
5001651,1759312273159,buy,1034.400000,0.430000
5001652,1759312273745,buy,1034.400000,2.400000
5001653,1759312274244,buy,1034.400000,1.690000
5001654,1759312274245,buy,1034.500000,2.340000
5001655,1759312275182,sell,1034.450000,2.390000
5001656,1759312275268,buy,1034.600000,3.810000
5001657,1759312276379,buy,1034.650000,19.890000
5001658,1759312279122,buy,1034.700000,6.510000
5001659,1759312280098,sell,1034.600000,0.100000
5001660,1759312280907,buy,1034.700000,0.220000
5001661,1759312281182,sell,1034.650000,6.870000
5001662,1759312282855,sell,1034.650000,10.160000
5001663,1759312283794,sell,1034.600000,0.300000
5001664,1759312283832,buy,1034.700000,0.060000
5001665,1759312284113,buy,1034.700000,0.030000
5001666,1759312284822,sell,1034.600000,0.300000
5001667,1759312285128,sell,1034.600000,0.300000
5001668,1759312285160,buy,1034.700000,0.910000
5001669,1759312285488,buy,1034.700000,0.300000
5001670,1759312285503,sell,1034.600000,0.300000
5001671,1759312285693,buy,1034.700000,0.600000
5001672,1759312285881,buy,1034.700000,0.300000
5001673,1759312286284,sell,1034.600000,0.300000
5001674,1759312286846,sell,1034.650000,4.010000
5001675,1759312288150,buy,1034.650000,10.480000
5001676,1759312291763,sell,1034.550000,15.170000
5001677,1759312292368,sell,1034.500000,5.070000
5001678,1759312292434,buy,1034.600000,1.500000
5001679,1759312292434,buy,1034.800000,1.730000
5001680,1759312292581,sell,1034.500000,3.120000
5001681,1759312292955,buy,1034.700000,5.070000
5001682,1759312293036,sell,1034.600000,1.530000
5001683,1759312293036,sell,1034.500000,1.700000
5001684,1759312293205,buy,1034.700000,0.390000
5001685,1759312293205,buy,1034.800000,2.730000
5001686,1759312293559,buy,1034.800000,0.010000
5001687,1759312294809,buy,1034.800000,0.340000
5001688,1759312295536,buy,1034.650000,3.750000
5001689,1759312296591,sell,1034.600000,0.480000
5001690,1759312297041,buy,1034.650000,5.790000
5001691,1759312297089,sell,1034.600000,0.720000
5001692,1759312297611,sell,1034.600000,0.280000
5001693,1759312297886,sell,1034.600000,0.540000
5001694,1759312297886,sell,1034.500000,2.340000
5001695,1759312300004,buy,1034.600000,1.000000
5001696,1759312300445,sell,1034.500000,2.400000
5001697,1759312300457,sell,1034.550000,7.310000
5001698,1759312304862,buy,1034.550000,9.550000
5001699,1759312305197,sell,1034.500000,0.760000
5001700,1759312306538,sell,1034.500000,0.320000
5001701,1759312306538,sell,1034.400000,0.160000
5001702,1759312308180,sell,1034.450000,9.020000
5001703,1759312308719,sell,1034.400000,0.960000
5001704,1759312310113,sell,1034.400000,1.120000
5001705,1759312310208,sell,1034.300000,0.560000
5001706,1759312310486,sell,1034.300000,0.100000
5001707,1759312311224,buy,1034.400000,0.440000
5001708,1759312312362,buy,1034.350000,4.050000
5001709,1759312313720,buy,1034.400000,0.450000
5001710,1759312314032,sell,1034.350000,7.930000
5001711,1759312315335,sell,1034.300000,0.020000
5001712,1759312316804,sell,1034.300000,0.440000
5001713,1759312317624,buy,1034.350000,3.420000
5001714,1759312319618,buy,1034.350000,9.730000
5001715,1759312319759,buy,1034.400000,0.300000
8453823,1759312293205,buy,1034.700000,0.090000
8453824,1759312293205,buy,1034.700000,0.090000
8453825,1759312293205,buy,1034.700000,0.090000
8453826,1759312293205,buy,1034.800000,0.760000
8453827,1759312293205,buy,1034.800000,0.460000
8453828,1759312293205,buy,1034.800000,0.020000
8453829,1759312293205,buy,1034.800000,1.070000
8453830,1759312293205,buy,1034.800000,0.400000
8453831,1759312293205,buy,1034.800000,0.020000
8453832,1759312293559,buy,1034.800000,0.010000
8453833,1759312294809,buy,1034.800000,0.340000
8453834,1759312295536,buy,1034.650000,3.750000
8453835,1759312296591,sell,1034.600000,0.010000
8453836,1759312296591,sell,1034.600000,0.470000
8453837,1759312297041,buy,1034.650000,5.790000
8453838,1759312297089,sell,1034.600000,0.720000
8453839,1759312297611,sell,1034.600000,0.280000
8453840,1759312297886,sell,1034.600000,0.530000
8453841,1759312297886,sell,1034.600000,0.010000
8453842,1759312297886,sell,1034.500000,0.660000
8453843,1759312297901,sell,1034.500000,1.200000
8453844,1759312297932,sell,1034.500000,0.480000
8453845,1759312300004,buy,1034.600000,1.000000
8453846,1759312300445,sell,1034.500000,1.200000
8453847,1759312300447,sell,1034.500000,1.200000
8453848,1759312300457,sell,1034.550000,7.310000
8453849,1759312304862,buy,1034.550000,9.550000
8453850,1759312305197,sell,1034.500000,0.280000
8453851,1759312305205,sell,1034.500000,0.260000
8453852,1759312305205,sell,1034.500000,0.220000
8453853,1759312306538,sell,1034.500000,0.320000
8453854,1759312306538,sell,1034.400000,0.160000
8453855,1759312308180,sell,1034.450000,9.020000
8453856,1759312308719,sell,1034.400000,0.380000
8453857,1759312308719,sell,1034.400000,0.540000
8453858,1759312308719,sell,1034.400000,0.040000
8453859,1759312310113,sell,1034.400000,0.480000
8453860,1759312310208,sell,1034.400000,0.020000
8453861,1759312310208,sell,1034.400000,0.540000
8453862,1759312310208,sell,1034.400000,0.060000
8453863,1759312310208,sell,1034.400000,0.020000
8453864,1759312310208,sell,1034.300000,0.540000
8453865,1759312310208,sell,1034.300000,0.020000
8453866,1759312310486,sell,1034.300000,0.080000
8453867,1759312310486,sell,1034.300000,0.020000
8453868,1759312311224,buy,1034.400000,0.440000
8453869,1759312312362,buy,1034.350000,4.050000
8453870,1759312313720,buy,1034.400000,0.450000
8453871,1759312314032,sell,1034.350000,7.930000
8453872,1759312315335,sell,1034.300000,0.020000
8453873,1759312316804,sell,1034.300000,0.440000
8453874,1759312317624,buy,1034.350000,3.420000
8453875,1759312319618,buy,1034.350000,9.730000
8453876,1759312319759,buy,1034.400000,0.300000
8453877,1759312322230,sell,1034.300000,0.060000
8453878,1759312323242,sell,1034.250000,9.250000
8453879,1759312324000,sell,1034.200000,0.540000
8453880,1759312324000,sell,1034.200000,0.430000
8453881,1759312326513,sell,1034.200000,0.110000
8453882,1759312326513,sell,1034.200000,0.070000
8453883,1759312327028,sell,1034.200000,0.240000
8453884,1759312327591,buy,1034.250000,11.980000
8453885,1759312328825,buy,1034.300000,0.090000
8453886,1759312328825,buy,1034.300000,0.090000
8453887,1759312328825,buy,1034.300000,0.090000
8453888,1759312328825,buy,1034.300000,0.090000
8453889,1759312328825,buy,1034.300000,0.090000
8453890,1759312328825,buy,1034.300000,0.010000
8453891,1759312331258,sell,1034.200000,0.230000
8453892,1759312331258,sell,1034.200000,0.010000
8453893,1759312331258,sell,1034.200000,0.220000
8453894,1759312331664,sell,1034.250000,4.400000
8453895,1759312331766,buy,1034.300000,0.480000
8453896,1759312331814,buy,1034.300000,0.020000
8453897,1759312331814,buy,1034.400000,0.280000
8453898,1759312331965,sell,1034.200000,0.010000
8453899,1759312331965,sell,1034.200000,0.290000
8453900,1759312332076,buy,1034.300000,3.790000
8453901,1759312332083,buy,1034.400000,0.300000
8453902,1759312332279,sell,1034.200000,0.300000
8453903,1759312332373,sell,1034.200000,0.300000
8453904,1759312332726,sell,1034.300000,0.090000
8453905,1759312332726,sell,1034.300000,0.090000
8453906,1759312332726,sell,1034.300000,0.090000
8453907,1759312332726,sell,1034.300000,0.030000
8453908,1759312332829,buy,1034.400000,0.300000
8453909,1759312332962,buy,1034.400000,0.200000
8453910,1759312332962,buy,1034.400000,0.100000
8453911,1759312333262,sell,1034.300000,0.060000
8453912,1759312333262,sell,1034.300000,0.090000
8453913,1759312333262,sell,1034.300000,0.090000
8453914,1759312333262,sell,1034.300000,0.060000
8453915,1759312333897,sell,1034.300000,3.400000
8453916,1759312335427,sell,1034.350000,6.750000
8453917,1759312335935,buy,1034.400000,0.220000
8453918,1759312337007,buy,1034.400000,0.760000
8453919,1759312337007,buy,1034.400000,0.090000
8453920,1759312337007,buy,1034.400000,0.090000
8453921,1759312337007,buy,1034.400000,0.020000
8453922,1759312339341,buy,1034.350000,1.520000
5001743,1759312343477,buy,1034.350000,3.720000
5001744,1759312343944,sell,1034.300000,3.790000
5001745,1759312346062,sell,1034.300000,0.500000
5001746,1759312346915,sell,1034.300000,0.290000
5001747,1759312346915,sell,1034.200000,0.290000
5001748,1759312346957,sell,1034.250000,1.980000
5001749,1759312349531,sell,1034.200000,0.020000
5001750,1759312349622,buy,1034.300000,0.050000
5001751,1759312350836,buy,1034.250000,1.100000
5001752,1759312352451,sell,1034.250000,1.250000
5001753,1759312353484,sell,1034.200000,1.030000
5001754,1759312353773,sell,1034.100000,0.480000
5001755,1759312354505,buy,1034.150000,2.030000
5001756,1759312357701,sell,1034.150000,1.230000
5001757,1759312357966,buy,1034.200000,0.390000
5001758,1759312358730,sell,1034.100000,3.390000
5001759,1759312359111,sell,1034.100000,0.970000
5001760,1759312359462,sell,1034.100000,0.070000
5001761,1759312359582,sell,1034.050000,0.580000
5001762,1759312360090,sell,1034.000000,1.410000
5001763,1759312360090,sell,1033.900000,2.070000
5001764,1759312360321,buy,1034.100000,0.300000
5001765,1759312360681,sell,1034.000000,0.960000
5001766,1759312362108,buy,1034.000000,0.010000
5001767,1759312362574,buy,1034.000000,0.010000
5001768,1759312362668,buy,1033.950000,1.470000
5001769,1759312363495,buy,1034.000000,1.950000
5001770,1759312363917,buy,1034.100000,0.830000
5001771,1759312365445,sell,1034.000000,0.180000
5001772,1759312365445,sell,1033.900000,0.300000
5001773,1759312365715,sell,1034.000000,1.630000
5001774,1759312365827,sell,1034.000000,0.050000
5001775,1759312366795,sell,1034.000000,1.950000
5001776,1759312367411,buy,1034.100000,0.040000
5001777,1759312367835,buy,1034.100000,0.040000
5001778,1759312368229,buy,1034.000000,0.460000
5001779,1759312368333,sell,1034.000000,0.050000
5001780,1759312370463,buy,1034.050000,2.300000
5001781,1759312371015,buy,1034.100000,3.880000
5001782,1759312371125,buy,1034.100000,8.160000
5001783,1759312371229,buy,1034.100000,1.250000
5001784,1759312371355,buy,1034.100000,3.490000
5001785,1759312371445,buy,1034.200000,0.760000
5001786,1759312371491,sell,1034.000000,0.460000
5001787,1759312371688,buy,1034.200000,3.070000
5001788,1759312371704,buy,1034.300000,2.610000
5001789,1759312371722,buy,1034.200000,4.670000
5001790,1759312371900,buy,1034.200000,4.070000
5001791,1759312371900,buy,1034.300000,1.620000
5001792,1759312372042,sell,1034.100000,1.610000
5001793,1759312372072,buy,1034.300000,4.350000
5001794,1759312373199,sell,1034.150000,4.550000
5001795,1759312373374,sell,1034.100000,0.960000
5001796,1759312373418,buy,1034.200000,1.180000
5001797,1759312375229,sell,1034.100000,0.960000
5001798,1759312375806,buy,1034.150000,3.630000
5001799,1759312377580,sell,1034.150000,2.500000
5001800,1759312378287,buy,1034.200000,0.050000
5001801,1759312379122,buy,1034.150000,3.830000
5001802,1759312379844,buy,1034.200000,17.960000
5001803,1759312380443,buy,1034.400000,2.760000
5001804,1759312380686,buy,1034.400000,0.090000
5001805,1759312380841,sell,1034.350000,6.940000
5001806,1759312381210,buy,1034.400000,1.120000
5001807,1759312381811,buy,1034.400000,1.930000
5001808,1759312382719,sell,1034.400000,1.860000
5001809,1759312383737,buy,1034.450000,7.550000
5001810,1759312384828,buy,1034.500000,0.060000
5001811,1759312385633,sell,1034.400000,1.930000
5001812,1759312385907,sell,1034.450000,3.170000
5001813,1759312388069,buy,1034.450000,5.100000
5001814,1759312388823,buy,1034.500000,0.180000
5001815,1759312389824,sell,1034.450000,10.030000
5001816,1759312391360,buy,1034.500000,1.960000
5001817,1759312391360,buy,1034.600000,5.090000
5001818,1759312391624,buy,1034.700000,3.340000
5001819,1759312391678,buy,1034.800000,3.670000
5001820,1759312392428,buy,1034.900000,3.200000
5001821,1759312392428,buy,1035.000000,0.590000
5001822,1759312393104,buy,1034.850000,3.560000
5001823,1759312394013,buy,1035.000000,3.230000
5001824,1759312394161,buy,1035.000000,0.030000
8455995,1759312653314,sell,1034.100000,1.340000
8455996,1759312653314,sell,1034.000000,7.700000
8455997,1759312653809,sell,1034.000000,0.020000
8455998,1759312653826,sell,1033.900000,0.540000
8455999,1759312653831,sell,1033.800000,0.030000
8456000,1759312653831,sell,1033.800000,0.030000
8456001,1759312653831,sell,1033.800000,0.230000
8456002,1759312653833,sell,1033.800000,0.290000
8456003,1759312653833,sell,1033.800000,0.020000
8456004,1759312653833,sell,1033.800000,0.030000
8456005,1759312653833,sell,1033.800000,0.240000
8456006,1759312653834,sell,1033.800000,0.160000
8456007,1759312654128,sell,1033.700000,0.060000
8456008,1759312654128,sell,1033.700000,0.010000
8456009,1759312654128,sell,1033.700000,0.030000
8456010,1759312654323,sell,1033.700000,0.040000
8456011,1759312654323,sell,1033.700000,0.020000
8456012,1759312654323,sell,1033.700000,0.190000
8456013,1759312654323,sell,1033.700000,0.030000
8456014,1759312654323,sell,1033.700000,0.540000
8456015,1759312654324,sell,1033.700000,0.020000
8456016,1759312654324,sell,1033.700000,0.540000
8456017,1759312654324,sell,1033.700000,0.540000
8456018,1759312654324,sell,1033.700000,0.540000
8456019,1759312654324,sell,1033.700000,0.980000
8456020,1759312654324,sell,1033.700000,0.030000
8456021,1759312654324,sell,1033.700000,1.800000
8456022,1759312654324,sell,1033.700000,12.730000
8456023,1759312655102,sell,1033.779000,7.860000
8456024,1759312656411,buy,1033.800000,0.290000
8456025,1759312656748,sell,1033.700000,0.030000
8456026,1759312656748,sell,1033.600000,0.050000
8456027,1759312656748,sell,1033.600000,0.210000
8456028,1759312656903,buy,1033.800000,0.290000
8456029,1759312657718,buy,1033.612000,26.670000
8456030,1759312659062,sell,1033.600000,0.290000
8456031,1759312659096,sell,1033.600000,0.320000
8456032,1759312659096,sell,1033.600000,0.020000
8456033,1759312659096,sell,1033.600000,0.450000
8456034,1759312659096,sell,1033.600000,0.160000
8456035,1759312659332,buy,1033.700000,0.090000
8456036,1759312659332,buy,1033.700000,0.090000
8456037,1759312659332,buy,1033.700000,0.090000
8456038,1759312659332,buy,1033.700000,0.090000
8456039,1759312659332,buy,1033.700000,0.090000
8456040,1759312659332,buy,1033.700000,0.090000
8456041,1759312659332,buy,1033.700000,0.090000
8456042,1759312659332,buy,1033.700000,0.090000
8456043,1759312659332,buy,1033.700000,0.090000
8456044,1759312659332,buy,1033.700000,0.090000
8456045,1759312659332,buy,1033.700000,0.090000
8456046,1759312659332,buy,1033.700000,0.090000
8456047,1759312659332,buy,1033.700000,0.090000
8456048,1759312659332,buy,1033.700000,0.090000
8456049,1759312659332,buy,1033.700000,0.090000
8456050,1759312659332,buy,1033.700000,0.090000
8456051,1759312659332,buy,1033.700000,0.090000
8456052,1759312659332,buy,1033.700000,0.090000
8456053,1759312659332,buy,1033.700000,1.850000
8456054,1759312659332,buy,1033.700000,0.180000
8456055,1759312659986,sell,1033.600000,0.380000
8456056,1759312659986,sell,1033.600000,0.030000
8456057,1759312659989,sell,1033.600000,1.100000
8456058,1759312660090,sell,1033.600000,0.030000
8456059,1759312660202,sell,1033.600000,0.660000
8456060,1759312660240,buy,1033.700000,0.290000
8456061,1759312660380,sell,1033.600000,0.380000
8456062,1759312660380,sell,1033.600000,0.260000
8456063,1759312660380,sell,1033.500000,0.230000
8456064,1759312660380,sell,1033.500000,0.330000
8456065,1759312661704,sell,1033.550000,8.100000
8456066,1759312662087,sell,1033.600000,0.990000
8456067,1759312663857,sell,1033.600000,0.030000
8456068,1759312664254,sell,1033.650000,17.000000
8456069,1759312665335,buy,1033.700000,1.530000
8456070,1759312666649,sell,1033.650000,27.870000
8456071,1759312667373,sell,1033.600000,0.290000
8456072,1759312668850,sell,1033.600000,0.090000
8456073,1759312668850,sell,1033.600000,0.090000
8456074,1759312668850,sell,1033.600000,0.090000
8456075,1759312668850,sell,1033.600000,0.090000
8456076,1759312668850,sell,1033.600000,0.090000
8456077,1759312668850,sell,1033.600000,0.030000
8456078,1759312669021,sell,1033.600000,0.060000
8456079,1759312669021,sell,1033.600000,0.090000
8456080,1759312669021,sell,1033.600000,0.090000
8456081,1759312669021,sell,1033.600000,0.090000
8456082,1759312669021,sell,1033.600000,0.090000
8456083,1759312669021,sell,1033.600000,0.090000
8456084,1759312669021,sell,1033.600000,0.090000
8456085,1759312669021,sell,1033.600000,0.090000
8456086,1759312669021,sell,1033.600000,0.090000
8456087,1759312669021,sell,1033.600000,0.090000
8456088,1759312669021,sell,1033.600000,0.090000
8456089,1759312669021,sell,1033.600000,0.010000
8456090,1759312669374,buy,1033.700000,2.410000
8456091,1759312669943,sell,1033.600000,0.080000
8456092,1759312669943,sell,1033.600000,0.090000
8456093,1759312669943,sell,1033.600000,0.090000
8456094,1759312669943,sell,1033.600000,0.060000
5002312,1759312673488,buy,1033.550000,5.150000
5002313,1759312675393,buy,1033.550000,6.940000
5002314,1759312675627,sell,1033.500000,5.370000
5002315,1759312676871,buy,1033.600000,0.060000
5002316,1759312677775,sell,1033.500000,0.130000
5002317,1759312677976,buy,1033.534000,12.830000
5002318,1759312679304,sell,1033.500000,0.060000
5002319,1759312680597,buy,1033.600000,0.190000
5002320,1759312681891,sell,1033.500000,6.280000
5002321,1759312683433,buy,1033.600000,0.050000
5002322,1759312685424,sell,1033.500000,2.040000
5002323,1759312685424,sell,1033.400000,0.860000
5002324,1759312685613,sell,1033.450000,2.270000
5002325,1759312686036,sell,1033.400000,0.400000
5002326,1759312686234,buy,1033.500000,2.900000
5002327,1759312686843,sell,1033.400000,0.050000
5002328,1759312687278,sell,1033.450000,10.640000
5002329,1759312687871,sell,1033.400000,0.960000
5002330,1759312688444,buy,1033.500000,0.970000
5002331,1759312690245,buy,1033.500000,1.830000
8456095,1759312671005,buy,1033.650000,12.390000
8456096,1759312671491,buy,1033.700000,0.100000
8456097,1759312673488,buy,1033.550000,5.150000
8456098,1759312675393,buy,1033.550000,6.940000
8456099,1759312675627,sell,1033.500000,0.790000
8456100,1759312675627,sell,1033.500000,0.630000
8456101,1759312675627,sell,1033.500000,0.010000
8456102,1759312675627,sell,1033.500000,0.540000
8456103,1759312675627,sell,1033.500000,0.540000
8456104,1759312675627,sell,1033.500000,0.030000
8456105,1759312675627,sell,1033.500000,2.830000
8456106,1759312676871,buy,1033.600000,0.060000
8456107,1759312677775,sell,1033.500000,0.130000
8456108,1759312677976,buy,1033.534000,12.830000
8456109,1759312679304,sell,1033.500000,0.060000
8456110,1759312680597,buy,1033.600000,0.190000
8456111,1759312681891,sell,1033.500000,6.280000
8456112,1759312683433,buy,1033.600000,0.050000
8456113,1759312685424,sell,1033.500000,0.030000
8456114,1759312685424,sell,1033.500000,2.000000
8456115,1759312685424,sell,1033.500000,0.010000
8456116,1759312685424,sell,1033.400000,0.010000
8456117,1759312685424,sell,1033.400000,0.010000
8456118,1759312685424,sell,1033.400000,0.120000
8456119,1759312685424,sell,1033.400000,0.020000
8456120,1759312685424,sell,1033.400000,0.010000
8456121,1759312685424,sell,1033.400000,0.250000
8456122,1759312685424,sell,1033.400000,0.230000
8456123,1759312685424,sell,1033.400000,0.210000
8456124,1759312685613,sell,1033.450000,2.270000
8456125,1759312686036,sell,1033.400000,0.330000
8456126,1759312686036,sell,1033.400000,0.070000
8456127,1759312686234,buy,1033.500000,2.900000
8456128,1759312686843,sell,1033.400000,0.050000
8456129,1759312687278,sell,1033.450000,10.640000
8456130,1759312687871,sell,1033.400000,0.420000
8456131,1759312687871,sell,1033.400000,0.540000
8456132,1759312688444,buy,1033.500000,0.970000
8456133,1759312690245,buy,1033.500000,1.030000
8456134,1759312690245,buy,1033.500000,0.800000
8456135,1759312691683,sell,1033.400000,0.540000
8456136,1759312691683,sell,1033.400000,0.040000
8456137,1759312691683,sell,1033.400000,1.830000
8456138,1759312692043,buy,1033.500000,0.050000
8456139,1759312692136,buy,1033.450000,5.630000
8456140,1759312693375,sell,1033.400000,0.290000
8456141,1759312693468,sell,1033.400000,0.290000
8456142,1759312693574,sell,1033.400000,0.290000
8456143,1759312693913,buy,1033.500000,2.350000
8456144,1759312693916,buy,1033.500000,1.120000
8456145,1759312693922,buy,1033.500000,2.400000
8456146,1759312693924,buy,1033.500000,0.280000
8456147,1759312693925,buy,1033.500000,1.410000
8456148,1759312693930,buy,1033.500000,1.920000
8456149,1759312693930,buy,1033.500000,0.290000
8456150,1759312693932,buy,1033.500000,0.160000
8456151,1759312693940,buy,1033.500000,0.230000
8456152,1759312693940,buy,1033.600000,0.040000
8456153,1759312693940,buy,1033.600000,1.080000
8456154,1759312694072,sell,1033.600000,0.060000
8456155,1759312694072,sell,1033.600000,0.590000
8456156,1759312694457,sell,1033.600000,0.050000
8456157,1759312694478,buy,1033.700000,0.030000
8456158,1759312694478,buy,1033.700000,0.260000
8456159,1759312694555,buy,1033.650000,4.480000
8456160,1759312696389,sell,1033.650000,2.070000
8456161,1759312697881,buy,1033.650000,3.440000
8456162,1759312700985,sell,1033.650000,6.790000
8456163,1759312701198,buy,1033.700000,0.290000
8456164,1759312701925,buy,1033.700000,0.010000
8456165,1759312701928,buy,1033.700000,0.010000
8456166,1759312701929,buy,1033.700000,0.010000
8456167,1759312702995,buy,1033.700000,0.500000
8456168,1759312702995,buy,1033.700000,0.020000
8456169,1759312702995,buy,1033.700000,0.030000
8456170,1759312702995,buy,1033.700000,1.080000
8456171,1759312702995,buy,1033.700000,1.080000
8456172,1759312702995,buy,1033.700000,1.080000
8456173,1759312703009,buy,1033.800000,1.070000
8456174,1759312703009,buy,1033.800000,0.010000
8456175,1759312703009,buy,1033.800000,0.120000
8456176,1759312703009,buy,1033.800000,0.880000
8456177,1759312704020,buy,1033.850000,8.400000
8456178,1759312705759,sell,1033.800000,0.720000
8456179,1759312707376,sell,1033.850000,3.290000
8456180,1759312708717,sell,1033.850000,2.630000
5002356,1759312713700,buy,1033.900000,0.010000
5002357,1759312713911,sell,1033.850000,5.490000
5002358,1759312717174,buy,1033.850000,3.470000
5002359,1759312718653,buy,1033.850000,5.720000
5002360,1759312718776,sell,1033.800000,0.800000
5002361,1759312721984,sell,1033.850000,1.390000
5002362,1759312723072,sell,1033.800000,3.940000
5002363,1759312723072,sell,1033.700000,0.480000
5002364,1759312723072,sell,1033.600000,0.530000
5002365,1759312723114,sell,1033.724000,2.330000
5002366,1759312723305,sell,1033.700000,0.230000
5002367,1759312724660,buy,1033.800000,1.970000
5002368,1759312725191,sell,1033.750000,5.600000
5002369,1759312727347,sell,1033.700000,0.030000
5002370,1759312728212,buy,1033.800000,0.630000
5002371,1759312729171,sell,1033.800000,1.000000
5002372,1759312729479,buy,1033.850000,1.260000
5002373,1759312731232,buy,1033.850000,6.910000
5002374,1759312731289,sell,1033.800000,0.030000
5002375,1759312735532,sell,1033.850000,3.580000
5002376,1759312736271,buy,1033.900000,3.760000
5002377,1759312737642,buy,1033.850000,5.880000
5002378,1759312738717,sell,1033.800000,1.970000
5002379,1759312738719,sell,1033.700000,1.640000
5002380,1759312739110,sell,1033.600000,0.100000
5002381,1759312739352,sell,1033.600000,0.190000
5002382,1759312741993,sell,1033.650000,3.960000
5002383,1759312742786,sell,1033.600000,0.030000
5002384,1759312743728,sell,1033.600000,0.030000
5002385,1759312744598,sell,1033.600000,0.930000
5002386,1759312745206,buy,1033.700000,0.190000
5002387,1759312746526,sell,1033.650000,2.260000
5002388,1759312746931,sell,1033.600000,1.000000
5002389,1759312747834,buy,1033.650000,3.670000
8456812,1759312856907,sell,1033.200000,0.060000
8456813,1759312856907,sell,1033.200000,0.090000
8456814,1759312856907,sell,1033.200000,0.090000
8456815,1759312856907,sell,1033.200000,0.090000
8456816,1759312856907,sell,1033.200000,0.090000
8456817,1759312856907,sell,1033.200000,0.090000
8456818,1759312856907,sell,1033.200000,0.090000
8456819,1759312856907,sell,1033.200000,0.090000
8456820,1759312856907,sell,1033.200000,0.090000
8456821,1759312856907,sell,1033.200000,0.020000
8456822,1759312857110,sell,1033.200000,0.070000
8456823,1759312857110,sell,1033.200000,0.090000
8456824,1759312857110,sell,1033.200000,0.090000
8456825,1759312857110,sell,1033.200000,0.090000
8456826,1759312857110,sell,1033.200000,0.040000
8456827,1759312857627,buy,1033.300000,0.150000
8456828,1759312857627,buy,1033.300000,0.090000
8456829,1759312857627,buy,1033.300000,0.090000
8456830,1759312857627,buy,1033.300000,0.050000
8456831,1759312858078,sell,1033.200000,0.050000
8456832,1759312858078,sell,1033.200000,0.090000
8456833,1759312858078,sell,1033.200000,0.090000
8456834,1759312858078,sell,1033.200000,0.090000
8456835,1759312858078,sell,1033.200000,0.060000
8456836,1759312858949,sell,1033.250000,5.990000
8456837,1759312859363,buy,1033.400000,0.380000
8456838,1759312859721,sell,1033.200000,0.030000
8456839,1759312859721,sell,1033.200000,0.350000
8456840,1759312861006,buy,1033.400000,0.030000
8456841,1759312861149,buy,1033.400000,0.030000
8456842,1759312863356,buy,1033.150000,4.860000
8456843,1759312865541,buy,1033.200000,0.380000
8456844,1759312868024,sell,1033.150000,2.640000
8456845,1759312868084,buy,1033.200000,1.900000
8456846,1759312869179,sell,1033.100000,1.990000
8456847,1759312869179,sell,1033.100000,0.090000
8456848,1759312869179,sell,1033.000000,0.050000
8456849,1759312869179,sell,1033.000000,0.540000
8456850,1759312869180,sell,1033.000000,0.540000
8456851,1759312869180,sell,1033.000000,0.030000
8456852,1759312869180,sell,1033.000000,0.090000
8456853,1759312869180,sell,1033.000000,0.090000
8456854,1759312869180,sell,1032.900000,0.060000
8456855,1759312869180,sell,1032.900000,0.230000
8456856,1759312869180,sell,1032.900000,0.070000
8456857,1759312869180,sell,1032.900000,0.220000
8456858,1759312870728,sell,1033.050000,4.660000
8456859,1759312871334,sell,1033.000000,0.120000
8456860,1759312871334,sell,1032.900000,0.320000
8456861,1759312871334,sell,1032.900000,0.540000
8456862,1759312871334,sell,1032.900000,0.220000
8456863,1759312871339,sell,1032.900000,0.320000
8456864,1759312871339,sell,1032.900000,0.540000
8456865,1759312871339,sell,1032.900000,0.020000
8456866,1759312871339,sell,1032.900000,0.030000
8456867,1759312871339,sell,1032.900000,0.030000
8456868,1759312871339,sell,1032.900000,0.030000
8456869,1759312871339,sell,1032.900000,0.050000
8456870,1759312871495,sell,1032.800000,0.290000
8456871,1759312871497,sell,1032.800000,0.290000
8456872,1759312871497,sell,1032.800000,0.290000
8456873,1759312871497,sell,1032.800000,0.250000
8456874,1759312871497,sell,1032.800000,0.010000
8456875,1759312871497,sell,1032.800000,0.040000
8456876,1759312871497,sell,1032.800000,0.010000
8456877,1759312871497,sell,1032.800000,0.010000
8456878,1759312871497,sell,1032.800000,0.080000
8456879,1759312871497,sell,1032.800000,0.080000
8456880,1759312871497,sell,1032.800000,0.480000
8456881,1759312871498,sell,1032.800000,0.280000
8456882,1759312871498,sell,1032.800000,0.050000
8456883,1759312871498,sell,1032.800000,0.130000
8456884,1759312871498,sell,1032.800000,0.020000
8456885,1759312871498,sell,1032.800000,0.480000
8456886,1759312871499,sell,1032.800000,0.290000
8456887,1759312871499,sell,1032.800000,0.080000
8456888,1759312871499,sell,1032.800000,0.210000
8456889,1759312871500,sell,1032.800000,0.290000
8456890,1759312871501,sell,1032.800000,0.040000
8456891,1759312871501,sell,1032.800000,0.030000
8456892,1759312871501,sell,1032.800000,0.030000
8456893,1759312871501,sell,1032.800000,0.030000
8456894,1759312871501,sell,1032.800000,0.030000
8456895,1759312871643,sell,1032.700000,0.100000
8456896,1759312871928,buy,1032.800000,0.040000
8456897,1759312872593,buy,1032.800000,0.030000
8456898,1759312872919,sell,1032.700000,0.420000
8456899,1759312872919,sell,1032.700000,0.010000
8456900,1759312872919,sell,1032.700000,0.020000
8456901,1759312872919,sell,1032.700000,0.190000
8456902,1759312872919,sell,1032.700000,0.070000
8456903,1759312872919,sell,1032.700000,1.190000
8456904,1759312872932,sell,1032.700000,0.960000
8456905,1759312873109,sell,1032.700000,0.420000
8456906,1759312873109,sell,1032.700000,0.010000
8456907,1759312873109,sell,1032.700000,0.020000
8456908,1759312873109,sell,1032.700000,0.020000
8456909,1759312873109,sell,1032.700000,0.540000
8456910,1759312873109,sell,1032.700000,0.010000
8456911,1759312873162,sell,1032.700000,0.030000
5002563,1759312875837,buy,1032.700000,0.010000
5002564,1759312876104,sell,1032.600000,0.180000
5002565,1759312876104,sell,1032.500000,2.520000
5002566,1759312876105,sell,1032.400000,5.990000
5002567,1759312876240,buy,1032.700000,2.940000
5002568,1759312876245,buy,1032.500000,0.520000
5002569,1759312876650,sell,1032.400000,1.060000
5002570,1759312876700,buy,1032.500000,0.810000
5002571,1759312876700,buy,1032.600000,3.070000
5002572,1759312876700,buy,1032.700000,1.810000
5002573,1759312876763,buy,1032.600000,0.040000
5002574,1759312876895,sell,1032.500000,2.940000
5002575,1759312876897,buy,1032.600000,3.000000
5002576,1759312877181,buy,1032.600000,0.010000
5002577,1759312877311,sell,1032.500000,0.830000
5002578,1759312877311,sell,1032.400000,1.930000
5002579,1759312877609,sell,1032.500000,0.030000
5002580,1759312877721,sell,1032.500000,0.030000
5002581,1759312877905,buy,1032.600000,2.760000
5002582,1759312877912,sell,1032.550000,7.560000
5002583,1759312878867,buy,1032.600000,10.210000
5002584,1759312879701,sell,1032.500000,3.570000
5002585,1759312880331,buy,1032.600000,1.290000
5002586,1759312880331,buy,1032.700000,2.280000
5002587,1759312881403,sell,1032.550000,4.020000
5002588,1759312883532,sell,1032.500000,0.210000
5002589,1759312883935,buy,1032.550000,5.130000
5002590,1759312885103,sell,1032.500000,15.000000
5002591,1759312886625,sell,1032.550000,3.080000
5002592,1759312887066,buy,1032.600000,9.670000
5002593,1759312888216,buy,1032.550000,7.190000
5002594,1759312888538,buy,1032.600000,1.200000
5002595,1759312889115,sell,1032.500000,6.930000
5002596,1759312889306,buy,1032.600000,2.280000
5002597,1759312889306,buy,1032.700000,7.390000
5002598,1759312889924,buy,1032.800000,3.480000
5002599,1759312890760,sell,1032.700000,26.250000
5002600,1759312891628,buy,1032.900000,2.300000
5002601,1759312891628,buy,1033.000000,7.370000
5002602,1759312892199,sell,1032.850000,3.080000
5002603,1759312893094,sell,1032.800000,0.390000
5002604,1759312893611,sell,1032.950000,4.970000
5002605,1759312893813,buy,1033.000000,2.880000
5002606,1759312895344,buy,1032.900000,2.270000
5002607,1759312897446,sell,1032.800000,2.270000
5002608,1759312898623,buy,1032.850000,5.100000
5002609,1759312899346,sell,1032.800000,3.590000
5002610,1759312899347,sell,1032.700000,6.090000
5002611,1759312900536,buy,1032.800000,1.000000
5002612,1759312900683,sell,1032.750000,3.140000
5002613,1759312902243,sell,1032.700000,9.680000
5002614,1759312902593,sell,1032.700000,0.380000
5002615,1759312903129,buy,1032.750000,4.640000
5002616,1759312903387,buy,1032.800000,0.380000
5002617,1759312903550,sell,1032.700000,0.380000
5002618,1759312903862,buy,1032.900000,0.380000
5002619,1759312904200,buy,1032.900000,1.910000
5002620,1759312904470,sell,1032.800000,9.680000
5002621,1759312905044,sell,1032.800000,0.380000
5002622,1759312905067,buy,1032.900000,0.380000
5002623,1759312908042,sell,1032.850000,3.630000
5002624,1759312908182,sell,1032.800000,1.910000
5002625,1759312909151,buy,1032.900000,0.170000
5002626,1759312909849,sell,1032.800000,0.120000
5002627,1759312909849,sell,1032.700000,0.090000
5002628,1759312910873,sell,1032.750000,7.050000
5002629,1759312910914,sell,1032.700000,0.880000
5002630,1759312910914,sell,1032.600000,0.530000
5002631,1759312911594,buy,1032.800000,1.410000
5002632,1759312913744,buy,1032.800000,1.060000
5002633,1759312915117,buy,1032.750000,2.720000
5002634,1759312918626,buy,1032.750000,3.180000
5002635,1759312922657,buy,1032.750000,2.010000
5002636,1759312924349,sell,1032.700000,8.710000
5002637,1759312924478,sell,1032.700000,3.480000
5002638,1759312924772,sell,1032.750000,1.030000
5002639,1759312924955,sell,1032.700000,4.670000
5002640,1759312925016,buy,1032.800000,0.210000
5002641,1759312925075,sell,1032.700000,4.580000
5002642,1759312925086,buy,1032.800000,0.240000
5002643,1759312925086,buy,1032.900000,3.240000
5002644,1759312925559,sell,1032.800000,13.120000
5002645,1759312925690,buy,1032.900000,2.810000
5002646,1759312925690,buy,1033.000000,1.210000
5002647,1759312925703,buy,1032.800000,8.710000
5002648,1759312925746,sell,1032.800000,5.070000
5002649,1759312926430,sell,1032.800000,3.660000
5002650,1759312926889,sell,1032.900000,0.090000
5002651,1759312926889,sell,1032.800000,1.850000
5002652,1759312927038,sell,1032.800000,1.420000
5002653,1759312927879,sell,1032.900000,0.010000
5002654,1759312927879,sell,1032.800000,2.010000
5002655,1759312927971,buy,1033.000000,1.420000
5002656,1759312928513,buy,1033.000000,2.020000
5002657,1759312929905,buy,1032.900000,7.110000
5002658,1759312931754,buy,1032.900000,1.010000
5002659,1759312934033,sell,1032.850000,3.250000
5002660,1759312935700,buy,1032.900000,4.850000
5002661,1759312935715,buy,1033.000000,0.990000
5002662,1759312935717,sell,1032.800000,60.240000
5002663,1759312935718,sell,1032.700000,4.450000
5002664,1759312935718,sell,1032.600000,19.310000
5002665,1759312935731,buy,1032.900000,0.060000
5002666,1759312935731,buy,1033.000000,0.400000
5002667,1759312935986,buy,1033.000000,3.200000
5002668,1759312936230,sell,1033.000000,1.080000
5002669,1759312936259,buy,1033.100000,1.300000
5002670,1759312936331,buy,1033.200000,2.040000
5002671,1759312936335,buy,1033.300000,3.110000
5002672,1759312936335,buy,1033.400000,0.320000
5002673,1759312936345,sell,1033.000000,2.150000
5002674,1759312936523,sell,1033.100000,0.290000
5002675,1759312936523,sell,1033.000000,0.250000
5002676,1759312936590,buy,1033.200000,4.060000
5002677,1759312936653,sell,1033.100000,0.020000
5002678,1759312937064,sell,1033.150000,2.460000
5002679,1759312937384,sell,1033.100000,1.080000
5002680,1759312937732,buy,1033.200000,1.500000
5002681,1759312941990,buy,1033.050000,2.980000
5002682,1759312944608,sell,1033.050000,0.960000
5002683,1759312944682,buy,1033.100000,1.680000
5002684,1759312944996,buy,1033.100000,1.060000
5002685,1759312945414,buy,1033.100000,0.090000
5002686,1759312945772,sell,1033.050000,3.760000
5002687,1759312946279,sell,1033.000000,2.260000
5002688,1759312946299,sell,1032.900000,3.300000
5002689,1759312946305,sell,1032.800000,0.630000
5002690,1759312946307,sell,1032.700000,2.160000
5002691,1759312946378,sell,1032.600000,0.320000
5002692,1759312946567,sell,1032.700000,0.100000
5002693,1759312947248,buy,1032.700000,9.680000
5002694,1759312948938,buy,1032.650000,17.430000
5002695,1759312949082,buy,1032.700000,9.680000
5002696,1759312950353,buy,1032.700000,1.940000
5002697,1759312950821,buy,1032.700000,9.680000
8458230,1759313076129,buy,1033.200000,0.090000
8458231,1759313076129,buy,1033.200000,0.090000
8458232,1759313076129,buy,1033.200000,0.090000
8458233,1759313076129,buy,1033.200000,0.090000
8458234,1759313076129,buy,1033.200000,0.090000
8458235,1759313076129,buy,1033.200000,0.090000
8458236,1759313076129,buy,1033.200000,0.090000
8458237,1759313076129,buy,1033.200000,0.090000
8458238,1759313076129,buy,1033.200000,0.090000
8458239,1759313076129,buy,1033.200000,0.090000
8458240,1759313076129,buy,1033.200000,0.090000
8458241,1759313076129,buy,1033.200000,0.090000
8458242,1759313076129,buy,1033.200000,0.090000
8458243,1759313076129,buy,1033.200000,0.090000
8458244,1759313076129,buy,1033.200000,0.090000
8458245,1759313076129,buy,1033.200000,0.090000
8458246,1759313076129,buy,1033.200000,0.090000
8458247,1759313076129,buy,1033.200000,0.090000
8458248,1759313076129,buy,1033.200000,0.090000
8458249,1759313076129,buy,1033.200000,0.090000
8458250,1759313076129,buy,1033.200000,0.090000
8458251,1759313076129,buy,1033.200000,0.090000
8458252,1759313076129,buy,1033.200000,0.090000
8458253,1759313076129,buy,1033.200000,0.090000
8458254,1759313076129,buy,1033.200000,0.090000
8458255,1759313076129,buy,1033.200000,0.090000
8458256,1759313076129,buy,1033.200000,0.090000
8458257,1759313076129,buy,1033.200000,3.020000
8458258,1759313076129,buy,1033.200000,1.540000
8458259,1759313076129,buy,1033.200000,0.440000
8458260,1759313076241,buy,1033.152000,1.920000
8458261,1759313078144,buy,1033.200000,0.100000
8458262,1759313078144,buy,1033.200000,0.180000
8458263,1759313078180,sell,1033.150000,2.840000
8458264,1759313078425,buy,1033.200000,0.420000
8458265,1759313078644,buy,1033.200000,0.280000
8458266,1759313078855,sell,1033.100000,0.280000
8458267,1759313079345,sell,1033.100000,0.010000
8458268,1759313079345,sell,1033.100000,0.270000
8458269,1759313079690,buy,1033.200000,0.280000
8458270,1759313080728,buy,1033.400000,1.080000
8458271,1759313080728,buy,1033.400000,0.080000
8458272,1759313080728,buy,1033.400000,1.080000
8458273,1759313080728,buy,1033.400000,0.010000
8458274,1759313080728,buy,1033.400000,0.390000
8458275,1759313081862,sell,1033.300000,0.040000
8458276,1759313082891,buy,1033.300000,1.630000
8458277,1759313084391,sell,1033.300000,0.050000
8458278,1759313084391,sell,1033.300000,0.090000
8458279,1759313084391,sell,1033.300000,0.090000
8458280,1759313084391,sell,1033.300000,0.050000
8458281,1759313084965,buy,1033.350000,0.890000
8458282,1759313086468,sell,1033.321000,5.030000
8458283,1759313089451,buy,1033.350000,1.590000
8458284,1759313090915,buy,1033.350000,3.420000
8458285,1759313091898,buy,1033.400000,0.150000
8458286,1759313091898,buy,1033.400000,0.010000
8458287,1759313091898,buy,1033.400000,0.060000
8458288,1759313092771,sell,1033.350000,2.310000
8458289,1759313094815,buy,1033.350000,4.310000
8458290,1759313097749,sell,1033.300000,0.090000
8458291,1759313097749,sell,1033.300000,0.090000
8458292,1759313097749,sell,1033.300000,0.820000
8458293,1759313098613,sell,1033.300000,0.420000
8458294,1759313098902,sell,1033.350000,2.700000
8458295,1759313099686,buy,1033.400000,0.480000
8458296,1759313099686,buy,1033.400000,0.190000
8458297,1759313099686,buy,1033.400000,0.090000
8458298,1759313099686,buy,1033.400000,0.090000
8458299,1759313099686,buy,1033.400000,0.090000
8458300,1759313099686,buy,1033.400000,0.090000
8458301,1759313099686,buy,1033.400000,0.090000
8458302,1759313099686,buy,1033.500000,0.230000
8458303,1759313099686,buy,1033.500000,1.120000
8458304,1759313099686,buy,1033.500000,1.080000
8458305,1759313099686,buy,1033.500000,1.070000
8458306,1759313099686,buy,1033.500000,0.400000
8458307,1759313099686,buy,1033.500000,1.320000
8458308,1759313099686,buy,1033.500000,0.090000
8458309,1759313099686,buy,1033.500000,0.090000
8458310,1759313099686,buy,1033.500000,0.090000
8458311,1759313099686,buy,1033.500000,0.090000
8458312,1759313099686,buy,1033.500000,0.090000
8458313,1759313099686,buy,1033.500000,17.400000
8458314,1759313102035,buy,1033.550000,3.190000
8458315,1759313105062,sell,1033.500000,1.000000
8458316,1759313105081,sell,1033.550000,2.410000
8458317,1759313106619,buy,1033.600000,0.050000
8458318,1759313106619,buy,1033.600000,0.770000
8458319,1759313108284,sell,1033.550000,7.320000
8458320,1759313109983,sell,1033.500000,0.090000
8458321,1759313109983,sell,1033.500000,0.090000
8458322,1759313109983,sell,1033.500000,0.090000
8458323,1759313109983,sell,1033.500000,0.090000
8458324,1759313109983,sell,1033.500000,0.090000
8458325,1759313109983,sell,1033.500000,0.090000
8458326,1759313109983,sell,1033.500000,0.460000
8458327,1759313111044,buy,1033.400000,0.940000
8458328,1759313111312,sell,1033.300000,0.270000
8458329,1759313112738,buy,1033.350000,3.950000
5002923,1759313117049,buy,1033.400000,0.280000
5002924,1759313117338,buy,1033.400000,0.280000
5002925,1759313117507,sell,1033.300000,0.280000
5002926,1759313118537,buy,1033.400000,5.740000
5002927,1759313118721,sell,1033.300000,0.280000
5002928,1759313118907,sell,1033.300000,0.280000
5002929,1759313120005,sell,1033.350000,2.450000
5002930,1759313120216,buy,1033.400000,9.670000
5002931,1759313120806,sell,1033.300000,1.000000
5002932,1759313122312,sell,1033.350000,4.250000
5002933,1759313125151,buy,1033.350000,1.060000
5002934,1759313125403,sell,1033.300000,0.870000
5002935,1759313125403,sell,1033.200000,1.800000
5002936,1759313126385,buy,1033.110000,2.120000
5002937,1759313126980,sell,1033.100000,1.000000
5002938,1759313128636,sell,1033.150000,3.950000
5002939,1759313129620,sell,1033.100000,0.480000
5002940,1759313130470,sell,1033.100000,0.360000
5002941,1759313132287,buy,1033.114000,2.700000
5002942,1759313132440,sell,1033.100000,1.000000
5002943,1759313133049,buy,1033.200000,0.280000
5002944,1759313134228,buy,1033.150000,3.180000
5002945,1759313135487,sell,1033.100000,3.600000
5002946,1759313135855,sell,1033.100000,1.140000
5002947,1759313136038,sell,1033.100000,1.200000
5002948,1759313136419,sell,1033.100000,0.090000
5002949,1759313136690,sell,1033.150000,1.260000
5002950,1759313137322,sell,1033.100000,2.750000
5002951,1759313137403,sell,1033.000000,0.850000
5002952,1759313137598,sell,1033.000000,0.340000
5002953,1759313137630,buy,1033.000000,1.290000
5002954,1759313137630,buy,1033.100000,17.090000
5002955,1759313137630,buy,1033.200000,143.900000
5002956,1759313137631,buy,1033.300000,18.510000
5002957,1759313137996,sell,1032.900000,1.000000
5002958,1759313138404,sell,1033.050000,2.810000
8472700,1759315905019,buy,1028.300000,0.090000
8472701,1759315905019,buy,1028.300000,0.090000
8472702,1759315905019,buy,1028.300000,0.090000
8472703,1759315905019,buy,1028.300000,0.090000
8472704,1759315905019,buy,1028.300000,0.090000
8472705,1759315905019,buy,1028.300000,0.090000
8472706,1759315905020,buy,1028.300000,0.090000
8472707,1759315905020,buy,1028.300000,0.090000
8472708,1759315905020,buy,1028.300000,0.090000
8472709,1759315905020,buy,1028.300000,0.090000
8472710,1759315905020,buy,1028.300000,0.090000
8472711,1759315905020,buy,1028.300000,0.090000
8472712,1759315905020,buy,1028.300000,0.090000
8472713,1759315905020,buy,1028.300000,0.090000
8472714,1759315905020,buy,1028.300000,0.090000
8472715,1759315905020,buy,1028.300000,0.090000
8472716,1759315905020,buy,1028.300000,0.090000
8472717,1759315905020,buy,1028.300000,0.090000
8472718,1759315905020,buy,1028.300000,0.090000
8472719,1759315905020,buy,1028.400000,2.640000
8472720,1759315906800,sell,1028.317000,0.430000
8472721,1759315908014,buy,1028.320000,1.250000
8472722,1759315908629,sell,1028.300000,0.500000
8472723,1759315908724,sell,1028.300000,9.220000
8472724,1759315908724,sell,1028.300000,0.090000
8472725,1759315908724,sell,1028.300000,0.090000
8472726,1759315908724,sell,1028.300000,0.090000
8472727,1759315908724,sell,1028.300000,0.090000
8472728,1759315908724,sell,1028.300000,0.090000
8472729,1759315908724,sell,1028.300000,0.090000
8472730,1759315908724,sell,1028.300000,0.090000
8472731,1759315908724,sell,1028.300000,3.020000
8472732,1759315911206,sell,1028.274000,1.300000
8472733,1759315911655,sell,1028.200000,0.060000
8472734,1759315912731,buy,1028.300000,0.050000
8472735,1759315913675,buy,1028.227000,2.410000
8472736,1759315914035,buy,1028.300000,6.950000
8472737,1759315914035,buy,1028.300000,2.410000
8472738,1759315914035,buy,1028.300000,0.090000
8472739,1759315914035,buy,1028.300000,0.090000
8472740,1759315914035,buy,1028.300000,0.090000
8472741,1759315914035,buy,1028.300000,0.090000
8472742,1759315914035,buy,1028.300000,0.090000
8472743,1759315914035,buy,1028.300000,0.090000
8472744,1759315914035,buy,1028.300000,0.090000
8472745,1759315914035,buy,1028.300000,0.090000
8472746,1759315914035,buy,1028.300000,0.090000
8472747,1759315914035,buy,1028.300000,0.090000
8472748,1759315914035,buy,1028.300000,0.090000
8472749,1759315914035,buy,1028.300000,0.090000
8472750,1759315914035,buy,1028.300000,0.090000
8472751,1759315914035,buy,1028.300000,0.090000
8472752,1759315914035,buy,1028.300000,0.090000
8472753,1759315914035,buy,1028.300000,0.090000
8472754,1759315914035,buy,1028.300000,9.720000
8472755,1759315914035,buy,1028.300000,10.830000
8472756,1759315916044,buy,1028.300000,0.370000
8472757,1759315916128,buy,1028.300000,0.060000
8472758,1759315916287,buy,1028.300000,0.370000
8472759,1759315916812,sell,1028.200000,0.210000
8472760,1759315916812,sell,1028.200000,0.090000
8472761,1759315916812,sell,1028.200000,0.090000
8472762,1759315916812,sell,1028.200000,0.090000
8472763,1759315916812,sell,1028.200000,0.090000
8472764,1759315916812,sell,1028.200000,0.090000
8472765,1759315916812,sell,1028.200000,0.090000
8472766,1759315916812,sell,1028.200000,2.240000
8472767,1759315916812,sell,1028.200000,0.430000
8472768,1759315916812,sell,1028.100000,0.100000
8472769,1759315916812,sell,1028.100000,1.080000
8472770,1759315916812,sell,1028.100000,1.080000
8472771,1759315916812,sell,1028.100000,1.070000
8472772,1759315916812,sell,1028.100000,0.020000
8472773,1759315916812,sell,1028.100000,0.030000
8472774,1759315916812,sell,1028.100000,2.910000
8472775,1759315917539,sell,1028.100000,0.370000
8472776,1759315917781,buy,1028.200000,4.320000
8472777,1759315918329,sell,1028.174000,1.070000
8472778,1759315919852,sell,1028.100000,0.720000
8472779,1759315919852,sell,1028.100000,4.000000
8472780,1759315919852,sell,1028.100000,4.990000
8472781,1759315920890,sell,1028.160000,1.810000
8472782,1759315921184,buy,1028.200000,15.130000
8472783,1759315921184,buy,1028.200000,26.860000
8472784,1759315921184,buy,1028.200000,2.330000
8472785,1759315921184,buy,1028.200000,16.910000
8472786,1759315921184,buy,1028.200000,28.330000
8472787,1759315921184,buy,1028.300000,58.690000
8472788,1759315921374,sell,1028.200000,0.360000
8472789,1759315921568,sell,1028.200000,2.310000
8472790,1759315921568,sell,1028.200000,0.730000
8472791,1759315921568,sell,1028.200000,1.650000
8472792,1759315921568,sell,1028.200000,0.370000
8472793,1759315921568,sell,1028.200000,1.840000
8472794,1759315921568,sell,1028.200000,2.240000
8472795,1759315921568,sell,1028.200000,0.580000
8472796,1759315921809,sell,1028.200000,0.060000
8472797,1759315921988,sell,1028.200000,0.180000
8472798,1759315921988,sell,1028.200000,9.530000
8472799,1759315922004,buy,1028.300000,0.100000
5006921,1759315924584,buy,1028.300000,0.100000
5006922,1759315924712,sell,1028.200000,2.740000
5006923,1759315924935,buy,1028.300000,0.420000
5006924,1759315925096,buy,1028.300000,0.060000
5006925,1759315925096,buy,1028.400000,0.040000
5006926,1759315925181,sell,1028.300000,0.370000
5006927,1759315925998,buy,1028.322000,0.960000
5006928,1759315926438,buy,1028.400000,0.110000
5006929,1759315927167,sell,1028.300000,0.420000
5006930,1759315928116,buy,1028.400000,0.050000
5006931,1759315928942,buy,1028.400000,1.250000
5006932,1759315929186,buy,1028.400000,0.090000
5006933,1759315929345,sell,1028.350000,1.190000
5006934,1759315930702,buy,1028.400000,0.080000
5006935,1759315930827,buy,1028.500000,1.300000
5006936,1759315930944,buy,1028.500000,0.420000
5006937,1759315933058,buy,1028.600000,0.020000
5006938,1759315933296,buy,1028.571000,2.810000
5006939,1759315933549,buy,1028.600000,0.900000
5006940,1759315935160,sell,1028.500000,0.050000
5006941,1759315935608,buy,1028.600000,30.670000
